2051 3299
186 242 243 287 94

184 352 250 380 civil
264 350 419 383 dominion,

183 386 212 413 in
225 386 318 413 which
331 395 412 411 sense

183 421 232 446 the
247 420 326 452 King
337 419 361 445 is
374 420 423 445 the

183 453 262 480 chief
271 454 392 479 founder

182 487 268 514 ofhis
280 496 344 513 own
357 487 420 513 law.

180 537 286 569 Again.
301 546 342 562 we
356 545 423 569 may

182 576 248 596 note
261 571 322 596 that
335 570 399 596 sub-

177 604 287 637 jection
301 609 330 630 to
343 613 360 629 a
372 603 426 629 law

181 647 249 670 may
261 637 296 663 be
309 637 399 663 either

183 672 240 697 due
253 671 281 696 in
295 670 387 696 virtue

181 705 214 731 of
223 714 240 731 a
254 704 355 737 higher
368 705 422 730 law

180 747 213 764 or
225 739 257 764 of
267 738 328 764 that
340 738 394 764 law

180 771 266 798 itself.

179 821 260 847 Thus
273 831 291 847 a
306 820 384 853 King
396 820 420 847 is

179 855 291 887 subject
303 861 332 881 to
345 855 390 881 his

179 897 243 915 own
256 889 310 914 law
328 888 356 914 in

179 922 271 948 virtue
284 922 317 948 of
331 922 379 948 the

179 956 346 982 commands
358 956 392 982 of

843 240 909 272 DE
941 240 1134 274 OFFICIO
1164 240 1323 273 REGIS.

461 342 755 382 ordinacionem
775 350 812 382 et
832 345 1191 395 promulgacionem
1221 345 1433 383 humanam
1462 345 1511 384 ad
1536 346 1645 384 civile
1665 345 1790 385 domi-

460 414 569 451 nium
597 414 866 464 regulandum,
897 421 934 453 et
963 417 1016 454 sic
1051 423 1109 454 est
1142 429 1210 454 rex
1241 417 1461 466 principalis
1492 417 1668 456 conditor
1695 417 1792 467 legis

463 498 542 523 sue.
600 485 763 536 Oportet
802 487 975 525 secundo
1015 494 1149 525 notare
1188 489 1388 538 quomodo
1428 488 1627 538 dupliciter
1662 494 1793 538 potest

462 557 621 606 intelligi
660 557 736 606 legi
775 558 981 605 subieccio,
1023 559 1166 596 scilicet
1205 559 1334 596 debita
1372 571 1420 596 ex
1467 572 1562 608 pura
1602 559 1791 609 ligacione

461 627 635 665 eiusdem
672 628 778 678 legis,
817 628 875 666 vel
914 629 1042 667 debita
1080 642 1128 667 ex
1162 630 1408 680 obligacione
1441 630 1537 680 legis
1572 630 1822 680 superioris.5

460 698 590 736 Prima
637 699 832 737 subieccio
881 700 1017 738 dicitur
1065 707 1213 748 coacta,
1258 707 1295 738 et
1346 701 1517 739 secunda
1563 701 1790 739 voluntaria.

461 769 592 808 Primo
636 770 756 809 modo
804 771 931 809 omnis
979 771 1194 809 Cristianus
1245 772 1427 810 subicitur
1474 772 1549 821 legi
1589 771 1714 819 Cristi,
1754 778 1790 810 et
1803 777 1848 807 D.

460 841 634 879 secundo
672 842 793 880 modo
831 842 913 892 ipse
948 842 1097 880 Cristus
1130 842 1350 880 humanitus
1386 844 1568 881 subicitur
1602 856 1669 881 sue
1703 843 1790 893 legi.

459 911 521 949 Ex
541 913 619 950 istis
639 920 744 962 patet
764 913 882 951 tercio
904 914 1010 963 quod
1034 926 1100 951 rex
1130 914 1313 951 subicitur
1341 914 1415 964 legi
1445 915 1599 964 proprie
1629 915 1789 964 imperio

179 989 407 1021 lawdiviuemot
419 990 451 1017 of
460 984 555 1033 legis
587 984 724 1029 divine,
746 984 815 1021 sed
847 996 926 1022 non
958 984 1119 1033 imperio
1150 984 1245 1034 legis
1274 985 1437 1034 proprie.
1495 984 1599 1023 Nam
1629 998 1677 1023 ex
1705 986 1846 1035 legem

178 1023 223 1050 his
237 1032 300 1050 own
314 1023 378 1051 law.

175 1550 257 1576 Thus
272 1550 320 1576 the
334 1549 415 1583 King

175 1584 278 1610 should
291 1584 389 1610 volun-

174 1618 261 1650 tarily
273 1627 353 1644 serve
366 1617 409 1643 his

175 1660 239 1678 own
252 1652 306 1677 law
318 1652 362 1678 for
375 1651 423 1677 the

175 1686 244 1711 sake
257 1685 289 1712 of
297 1686 346 1711 the

175 1719 277 1752 higher
290 1720 344 1745 law
357 1726 363 1751 ;
382 1719 433 1745 but

174 1753 219 1779 his
233 1753 380 1786 liegemen,

174 1796 246 1813 even
263 1786 373 1819 priests,

175 1829 243 1853 may
260 1821 295 1846 be
309 1820 425 1847 coerced

175 1853 205 1881 in
218 1854 311 1880 virtue
324 1853 357 1880 of

174 1888 224 1914 the
240 1888 341 1921 King's
360 1887 415 1914 law

176 1921 261 1949 itself.

174 1972 238 1998 The
251 1971 395 1998 condition

175 2006 208 2031 of
215 2015 232 2032 a
251 2005 330 2038 King
343 2006 410 2031 then

174 2039 199 2066 is
211 2048 247 2066 on
261 2049 314 2066 one
326 2039 399 2065 view

175 2082 252 2099 more
265 2079 324 2106 apt,
339 2073 395 2099 and

174 2116 212 2133 on
226 2107 345 2133 another
358 2107 421 2137 less,

173 2141 217 2166 for
230 2141 278 2166 the
291 2140 409 2173 earning

173 2175 205 2200 of
217 2174 306 2205 merit,
316 2174 376 2206 just

173 2217 205 2234 as
225 2207 386 2240 Augustiue

174 2250 320 2273 compares
334 2242 381 2267 the

175 2275 336 2301 conditions
350 2275 382 2301 of

175 2309 233 2335 rich
248 2310 303 2335 and
314 2318 383 2341 poor

458 1062 605 1101 nature,
641 1061 678 1093 et
716 1067 786 1104 per
819 1067 1065 1105 consequens
1100 1068 1146 1093 ex
1182 1055 1264 1105 1636
1299 1056 1438 1103 divina,
1474 1062 1624 1106 oportet
1657 1069 1790 1105 regem

458 1126 663 1164 defendere
685 1126 812 1175 legem
840 1126 1048 1175 propriam,
1072 1133 1110 1164 et
1129 1127 1349 1165 obediendo
1369 1140 1414 1165 ac
1435 1127 1635 1177 implendo
1664 1128 1791 1177 ipsam

456 1197 678 1246 exemplare
701 1197 784 1235 aliis
805 1197 1007 1247 quomodo
1037 1199 1228 1247 parebunt
1256 1199 1395 1237 eidem.
1452 1198 1536 1236 Nec
1561 1205 1616 1236 est
1637 1199 1711 1237 hoc
1742 1199 1792 1236 ad

455 1268 556 1317 regis
594 1268 775 1311 dedecus,
818 1281 908 1306 cum
947 1268 1008 1307 lex
1048 1281 1118 1306 sua
1155 1270 1414 1307 essencialiter
1455 1270 1705 1319 intelligendo
1744 1270 1791 1309 sit

455 1340 593 1377 veritas
614 1340 792 1387 increata,
817 1339 885 1377 sed
906 1339 1116 1377 formaliter
1136 1347 1173 1378 et
1194 1341 1379 1390 equivoce
1398 1341 1590 1379 intellecta
1609 1348 1666 1380 est
1684 1342 1745 1380 lex
1766 1354 1789 1380 a
1805 1350 1842 1384 15

455 1419 628 1448 creatura
660 1411 829 1448 condita.
887 1410 982 1449 Ideo
1013 1417 1165 1460 oportet
1198 1411 1433 1461 distinguere
1467 1413 1788 1462 equivocaciones

457 1481 553 1530 legis
577 1488 614 1519 et
635 1481 831 1519 racionem
852 1482 1109 1520 subieccionis
1129 1495 1173 1519 ac
1193 1483 1416 1520 obediencie
1438 1483 1476 1520 in
1497 1484 1762 1522 declaracione
1776 1484 1788 1505 1

456 1551 567 1589 huius
602 1552 771 1590 materie.
829 1552 915 1590 Rex
949 1565 1053 1601 ergo,
1088 1553 1128 1590 in
1162 1560 1351 1603 quantum
1383 1561 1499 1603 caput
1527 1555 1647 1604 regni,
1676 1555 1788 1593 debet

457 1624 671 1661 ministrare
692 1623 767 1673 legi
787 1624 938 1674 proprie
958 1624 1169 1662 voluntarie
1193 1637 1241 1662 ex
1268 1625 1429 1674 imperio
1455 1625 1549 1675 legis
1570 1626 1786 1675 superioris,

457 1700 494 1731 et
520 1694 609 1743 legii
638 1694 750 1743 regis,
777 1694 807 1731 si
838 1694 1040 1741 noluerint,
1067 1695 1209 1733 debent
1238 1696 1327 1746 cogi
1348 1709 1395 1733 ex
1426 1696 1587 1746 imperio
1616 1697 1788 1735 eiusdem
1804 1704 1844 1728 20

456 1765 562 1814 legis,
584 1765 707 1803 eciam
738 1766 968 1812 sacerdotes,
991 1766 1078 1804 licet
1107 1766 1181 1804 sint
1211 1767 1423 1804 secundum
1453 1767 1568 1805 aliam
1591 1768 1788 1806 racionem

455 1834 566 1885 16362
606 1836 833 1885 superiores.
890 1837 942 1875 Et
988 1843 1093 1887 patet
1141 1838 1248 1887 quod
1286 1844 1407 1876 status
1446 1839 1557 1887 regis,
1599 1839 1695 1876 sicut
1732 1845 1788 1877 est

455 1907 671 1946 secundum
709 1908 906 1946 racionem
945 1920 1065 1946 unam
1102 1908 1152 1946 ad
1190 1909 1417 1947 merendum
1453 1910 1608 1956 tardior,
1645 1910 1699 1948 sic
1733 1916 1790 1948 est

454 1978 667 2016 secundum
707 1978 822 2016 aliam
859 1979 1056 2017 racionem
1095 1980 1144 2017 ad
1181 1980 1410 2018 merendum
1449 1982 1630 2030 superior,
1664 1988 1707 2019 ut
1747 1982 1788 2018 in

454 2049 611 2087 assimili
637 2050 819 2099 explanat
839 2050 1081 2099 Augustinus
1101 2051 1140 2088 in
1160 2052 1202 2087 de
1219 2052 1463 2100 questionibus
1492 2053 1620 2089 veteris
1640 2056 1673 2089 et
1698 2065 1787 2090 nove
1799 2053 1887 2095 Aug.

455 2121 546 2169 legis
575 2121 742 2170 capitulo
771 2121 922 2159 cxxiiiiO
942 2122 1121 2171 octuplici
1150 2122 1318 2160 racione.
1377 2122 1506 2161 Primo
1539 2123 1660 2162 modo
1690 2136 1786 2174 quo·
1799 2098 2006 2173 gugegzyet.

454 2192 575 2230 modo
595 2204 695 2241 opus
715 2192 975 2230 misericordie
989 2192 1001 2212 ⁸
1021 2192 1136 2230 habet
1157 2192 1344 2231 maiorem
1368 2193 1567 2231 racionem
1597 2195 1721 2232 meriti
1747 2196 1786 2232 in
1800 2185 1889 2216 Test.
1904 2185 2008 2217 cxxiv.

454 2276 625 2313 paupere
664 2275 783 2313 quam
817 2263 943 2309 divite,
976 2264 1068 2314 quia
1097 2263 1374 2302 fervenciorem
1405 2264 1520 2302 fidem
1555 2265 1711 2312 indicat,
1745 2273 1788 2304 ut
1801 2229 2006 2271 (abndged).

176 2342 204 2368 in
219 2342 297 2375 eight
311 2343 441 2370 different
455 2335 715 2385 exemplificat
748 2334 795 2371 de
826 2335 1064 2384 paupercula
1095 2348 1170 2385 que
1203 2335 1250 2373 de
1280 2336 1441 2384 penuria
1471 2348 1539 2374 sua
1559 2337 1685 2386 largiri
1706 2350 1786 2376 non

175 2376 272 2410 lights.

454 2406 589 2444 timuit.
651 2405 830 2443 Secundo
851 2406 940 2443 dicit
961 2406 1066 2456 quod
1087 2406 1230 2443 furtum
1255 2407 1442 2445 maiorem
1468 2414 1617 2446 reatum
1637 2408 1727 2446 facit
1746 2409 1784 2446 in
1799 2416 1879 2447 Fol.
1891 2417 1960 2446 130
1971 2417 2006 2448 b.

455 2478 568 2515 divite
601 2489 719 2526 quam
754 2489 934 2526 paupere.
992 2477 1136 2515 Tercio
1169 2490 1257 2515 vero
1290 2478 1378 2515 dicit
1412 2478 1518 2527 quod
1550 2479 1700 2517 iusticia
1730 2487 1787 2518 est

454 2549 579 2598 magis
601 2548 802 2586 laudabilis
822 2547 862 2584 in
882 2560 1021 2597 egeno.
1081 2549 1229 2596 Quarto
1264 2549 1354 2587 dicit
1384 2550 1489 2599 quod
1521 2551 1699 2599 superbia
1730 2558 1788 2589 est

454 2619 539 2669 plus
571 2619 822 2668 dampnanda
849 2620 888 2656 in
921 2632 1101 2670 paupere.
1159 2619 1308 2666 Quinto
1342 2621 1431 2658 dicit
1458 2621 1564 2671 quod
1595 2621 1787 2660 humilitas

456 2697 513 2729 est
551 2691 637 2740 plus
675 2691 869 2730 laudanda
907 2691 946 2729 in
995 2691 1118 2729 divite.
1178 2690 1297 2729 Sexto
1336 2691 1426 2729 dicit
1465 2693 1570 2742 quod
1617 2692 1783 2730 studium
1797 2701 1840 2730 21
1856 2701 1892 2733 b.

500 2772 511 2790 1
535 2772 807 2813 declaracionem,
826 2781 857 2805 Β.
1033 2773 1046 2793 ²
1070 2783 1146 2814 rege
1166 2773 1329 2815 prolege,
1347 2781 1378 2805 Β.
1543 2775 1554 2793 3
1578 2774 1713 2807 minime
1721 2779 1787 2818 pro

456 2825 687 2862 misericordie,
704 2833 738 2857 A.
