2051 3299
202 200 284 229 200
899 194 963 224 DE
994 192 1189 225 OFFICIO
1226 192 1382 224 REGIS.

479 307 517 337 et
562 300 753 337 tirrannus
773 311 783 345 ;
832 304 869 335 et
914 298 1069 335 racione
1116 297 1201 334 talis
1247 295 1471 333 universalis
1516 295 1676 333 dominii
1715 295 1806 333 dicit

481 369 627 407 Cristus
657 369 794 406 Matth.
816 369 867 405 xii
886 370 955 417 qui
979 381 1050 405 non
1079 373 1131 404 est
1157 380 1291 404 mecum
1321 371 1449 403 contra
1478 379 1532 402 me
1559 371 1619 403 est.
1677 365 1806 403 Nemo
1819 370 1914 401 Matt.
1932 369 1988 401 xii.

482 441 587 478 enim
625 446 753 490 potest
791 439 861 476 sibi
899 451 982 476 esse
1022 438 1255 483 indifferens,
1295 450 1383 475 cum
1423 437 1550 475 omnis
1585 437 1705 474 homo
1741 436 1807 485 qui
1822 422 1871 452 30*

481 524 560 549 non
599 516 809 560 congregat
849 522 978 547 secum
1017 509 1174 558 spargit,
1214 515 1254 546 ut
1293 520 1424 546 servus
1463 508 1615 545 diaboli.
1672 507 1721 544 Et
1761 507 1809 544 de

481 582 563 620 istis
602 582 769 619 dominis
808 580 980 629 intelligo
1018 580 1281 617 auctoritatem
1320 579 1532 629 predictam
1572 578 1709 615 Matth.
1743 578 1808 617 vio,
1824 587 1921 618 Matt,
1940 587 1982 617 vi,

482 660 524 690 ut
572 652 720 690 Cristus
767 651 930 701 explicat
977 657 1274 700 consequenter.
1358 650 1486 687 Nemo
1534 649 1638 686 enim
1684 655 1812 698 potest
1826 639 1876 673 ²4⁷

483 723 765 773 inculpabiliter
795 723 932 760 servire
966 722 1041 759 deo
1071 728 1108 759 et
1136 733 1332 767 mamone,
1363 734 1436 759 nec
1465 728 1522 758 est
1551 720 1812 758 contradiccio

484 796 526 833 in
563 795 629 832 tali
669 806 784 832 sensu
822 793 1056 842 ewangelico
1103 793 1290 841 equivoco
1328 798 1366 829 et
1409 804 1525 830 sensu
1572 791 1647 828 alio
1689 791 1814 839 logice

207 874 426 935 ἱεξεῖἓῗέξοῑῐῖο
485 865 679 915 replicato.
748 864 927 901 Secundo
966 863 1179 900 notandum
1218 864 1323 913 quod
1364 869 1435 900 stat
1474 862 1572 900 duos
1610 859 1872 900 dominos¹E.

206 940 474 1007 {Qirfflssiofiiffla‘ii't'ffi
487 937 629 983 fideles,
665 936 862 973 caritatem
897 933 1093 980 servando,
1131 946 1214 971 esse
1248 934 1319 971 sibi
1353 933 1578 980 contrarios,
1611 939 1653 970 ut
1687 932 1816 982 posito
1833 948 1872 969 ιο

207 1019 273 1069 {Inar
286 1008 402 1035 beacci·
490 1007 596 1058 quod
634 1020 682 1044 ex
720 1005 945 1056 ignorancia
977 1005 1144 1042 veritatis
1183 1005 1327 1042 iusticie
1365 1005 1600 1043 contendant
1638 1016 1708 1054 pro
1746 1015 1816 1040 suo

227 1043 334 1075 entally
342 1041 476 1074 opposed,

206 1076 424 1144 ξὲῇὸξξξξξξξη
491 1078 675 1116 dominio.
751 1076 873 1114 Aliter
919 1076 1022 1113 enim
1071 1088 1150 1114 non
1195 1076 1324 1113 liceret
1363 1076 1583 1113 hominibus
1621 1075 1814 1124 placitare,

209 1144 303 1170 which
316 1152 379 1169 case
392 1141 461 1168 both

209 1187 275 1210 may
288 1177 322 1203 be
335 1176 444 1202 sei-ved.

210 1225 466 1293 gyrrhirftoffiffigge
491 1234 577 1271 que.
634 1221 781 1258 Ymmo
815 1219 935 1256 altero
974 1218 1176 1256 manifeste
1210 1218 1447 1255 tirranisante
1485 1218 1671 1266 contingit
1705 1228 1816 1254 suum

309 1279 316 1291 ‚
469 1274 478 1278 .

210 1300 460 1359 ffifflssaghsofflffg
491 1292 633 1341 legium
671 1302 750 1341 quo
790 1291 839 1328 ad
877 1289 1065 1327 mundum
1106 1289 1243 1326 servire
1277 1296 1313 1326 et
1352 1289 1509 1327 obedire
1543 1289 1613 1326 sibi
1647 1287 1872 1331 fideliter,15

210 1361 270 1388 him
282 1361 326 1387 ¹³¹⁵
338 1368 436 1386 ὅπως·
490 1361 737 1413 procurando
794 1360 1056 1406 concordiam,
1105 1360 1371 1397 anuncciando
1420 1360 1490 1397 sibi
1541 1359 1737 1396 veritatem
1784 1363 1821 1395 et

490 1157 527 1188 et
567 1147 914 1198 correspondentes
950 1148 1136 1197 contingit
1175 1147 1341 1184 eundem
1380 1147 1523 1197 legium
1555 1147 1693 1184 servire
1726 1145 1817 1183 utri-

490 1445 672 1479 errorem,
713 1429 897 1470 necnon2
934 1438 971 1468 et
1015 1431 1249 1477 rebellando,
1290 1431 1320 1468 si
1368 1438 1533 1481 oportet,
1573 1436 1708 1468 contra
1746 1436 1820 1479 tyr-

492 1504 694 1543 rannidem
725 1503 970 1540 obstinatam.
1030 1501 1120 1539 Plus
1159 1502 1263 1539 enim
1297 1509 1472 1539 tenemur
1504 1501 1631 1539 Cristo
1666 1507 1704 1538 et
1737 1500 1821 1549 lege

493 1588 561 1614 sue
598 1587 717 1626 quam
756 1574 867 1611 alicui
905 1573 1067 1610 domino
1114 1572 1286 1613 seculari.
1345 1572 1461 1610 Unde
1502 1572 1631 1622 dispar
1669 1577 1822 1621 oportet

493 1659 576 1685 esse
615 1646 801 1684 iudicium
840 1645 887 1682 de
927 1644 1056 1681 Cristo
1094 1650 1131 1680 et
1169 1643 1323 1681 diabolo
1362 1649 1399 1681 et
1441 1644 1523 1681 aliis
1563 1655 1697 1681 eorum
1732 1643 1821 1680 sub·
1837 1659 1877 1681 20

495 1717 636 1767 regulis
674 1717 738 1767 qui
776 1722 938 1766 possunt
975 1715 1075 1753 flecti
1113 1715 1162 1752 ad
1193 1715 1342 1752 bonurn
1374 1714 1434 1751 vel
1467 1714 1542 1751 ad3
1575 1714 1720 1751 malum
1753 1725 1822 1762 per

496 1800 631 1827 eorum
670 1787 881 1825 servicium.
949 1786 1022 1823 Per
1061 1785 1135 1824 hoc
1173 1792 1279 1835 patet
1325 1785 1443 1823 tercio
1483 1785 1629 1823 solucio
1668 1784 1824 1833 triplicis

496 1858 725 1909 argumenti.
782 1857 845 1894 Ad
883 1857 1051 1906 primum
1089 1857 1237 1894 videtur
1275 1856 1367 1893 mihi
1406 1856 1514 1906 quod
1551 1855 1708 1905 quando
1747 1855 1825 1892 duo

497 1930 675 1968 homines
705 1936 793 1967 sunt
821 1928 966 1965 inimici
986 1927 1105 1965 alter4
1132 1934 1188 1966 est
1217 1940 1304 1967 reus
1334 1927 1513 1973 criminis,
1535 1939 1624 1964 cum
1650 1926 1826 1963 iubemur

502 2013 586 2039 esse
607 2000 721 2037 amici
742 2006 779 2037 et
800 1999 956 2048 diligere
977 1998 1166 2036 inimicos.
1224 1998 1318 2036 Ideo
1338 1998 1442 2035 aliud
1463 2005 1519 2035 est
1538 1998 1716 2035 homines
1736 2008 1826 2034 con-
1841 2011 1879 2043 25

498 2071 644 2109 trariari
672 2077 709 2108 et
737 2082 821 2107 esse
851 2070 1037 2116 inimicos,
1059 2082 1148 2107 cum
1168 2082 1215 2106 ex
1240 2070 1413 2107 amicicia
1432 2069 1621 2118 contingit
1649 2068 1826 2106 homines

498 2155 582 2181 esse
611 2142 833 2180 contrarios.
892 2140 991 2178 Cum
1020 2154 1113 2190 ergo
1149 2148 1222 2178 stat
1251 2147 1477 2191 tyrrannum
1506 2147 1543 2178 et
1572 2140 1698 2178 solum
1728 2151 1826 2175 nun-

499 2214 672 2264 cupative
701 2225 832 2263 regem
853 2212 994 2250 habere
1024 2212 1147 2249 bonas
1175 2211 1280 2261 leges
1309 2211 1488 2249 convenit
1516 2210 1683 2249 eundem
1703 2216 1827 2247 totum

500 2297 584 2323 esse
616 2284 760 2333 legium
790 2283 927 2321 talibus
960 2282 1158 2320 contrariis
1187 2281 1361 2327 inimicis,
1393 2293 1472 2318 non
1509 2280 1664 2318 tamen⁵
1694 2292 1828 2317 secun-

501 2356 594 2393 dum
632 2366 789 2392 omnem
822 2354 1019 2391 racionem
1054 2353 1122 2398 sui,
1152 2353 1240 2403 quia
1273 2359 1363 2390 tunc
1397 2352 1493 2390 foret
1527 2351 1727 2401 oppositus
1757 2350 1883 2394 sibi30

223 2440 408 2466 Thusaman
428 2447 493 2471 may
504 2427 587 2477 ipsi.
643 2425 751 2463 Talis
789 2425 901 2475 igitur
935 2424 1146 2462 secundum
1184 2436 1302 2461 unam
1340 2423 1533 2463 racionem
1571 2422 1726 2460 serviret
1763 2421 1829 2458 uni

224 2483 303 2499 SCI'VC
317 2479 373 2498 tWO
394 2481 493 2505 oppos-

225 2506 484 2572 issgdissfssiffiffingssts
506 2504 543 2535 et
569 2496 782 2534 secundum
808 2496 922 2533 aliam
948 2495 1103 2532 serviret
1126 2494 1243 2532 alteri.
1304 2494 1400 2532 Sunt
1429 2494 1533 2532 enim
1561 2493 1702 2542 gradus
1731 2492 1829 2528 mul-

226 2591 288 2616 The
309 2589 447 2622 infidelity
466 2568 654 2618 0stipliees
685 2567 830 2605 servicii
872 2566 1071 2615 legiorum.
1128 2565 1190 2602 Ad
1222 2565 1434 2602 secundum
1473 2564 1610 2602 dicitur
1648 2561 1830 2612 negando

226 2633 243 2650 a
257 2629 359 2649 master
369 2624 435 2649 does
446 2628 493 2649 not
759 2638 765 2646 .
1052 2637 1058 2643 .
1314 2636 1320 2643 .
1493 2635 1500 2642 .
1648 2634 1654 2642 .
1822 2633 1828 2639 .

226 2658 341 2684 absolve
354 2657 397 2683 his
410 2657 494 2689 nege-
507 2650 858 2688 consequenciam3
889 2649 978 2675 cum
999 2649 1101 2674 enlm
1122 2636 1217 2673 fides
1238 2637 1471 2673 subiectatur
1491 2648 1531 2672 in
1551 2635 1708 2673 homine
1728 2632 1831 2670 fideli

550 2742 559 2760 ¹
585 2742 749 2782 dominos,
772 2752 833 2773 om.
858 2748 892 2772 A.
1002 2740 1015 2758 ²
1036 2744 1072 2772 ut
1094 2750 1160 2771 non
1184 2744 1249 2781 pro
1271 2739 1448 2777 necsitnon,
1468 2747 1499 2770 A.
1613 2737 1624 2754 ³
1647 2738 1689 2769 ad
1711 2747 1771 2768 om.
1798 2744 1830 2767 Α.

509 2794 520 2812 ⁴
543 2794 648 2834 aliter,
666 2801 699 2824 A.
791 2794 803 2812 ⁵
825 2797 951 2825 tantum
967 2797 1031 2834 pro
1055 2796 1174 2831 tamen,
1191 2800 1224 2823 Α.
