2051 3299
181 201 266 245 274
875 203 940 234 DE
972 202 1166 235 OFFICIO
1199 201 1359 235 REGIS.

456 306 571 345 debet
594 305 701 356 quod
730 305 824 344 deus
854 318 934 345 non
964 312 1090 356 potest
1119 306 1197 344 suis
1225 305 1400 352 deficere,
1432 304 1502 342 sed
1531 304 1679 343 iusticia
1708 316 1783 343 sua-

456 376 611 426 requirit
641 375 747 426 quod
777 376 941 425 populus
965 376 1088 414 taliter
1121 375 1329 422 occidatur,
1349 374 1498 413 videtur
1527 374 1634 425 quod
1661 374 1783 413 iustus

457 447 497 483 in
534 446 728 484 voluntate
767 446 959 484 deiformis
997 446 1112 484 debet
1150 445 1197 484 de
1236 445 1470 483 execucione
1506 444 1652 483 iusticie
1691 456 1784 482 con-

457 516 625 566 gaudere
657 516 824 554 dolendo
856 516 902 554 de
937 528 1067 554 causa.
1123 514 1241 553 Unde
1271 514 1417 552 videtur
1445 514 1552 565 quod
1579 520 1785 564 peccatum

458 587 623 626 reddens
657 587 871 625 Cristianos
902 586 1087 625 inhabiles
1125 587 1172 624 sit
1205 597 1321 624 causa
1354 597 1472 635 quare
1505 585 1592 623 licet
1624 585 1817 627 seculari5

456 657 630 696 hostibus
650 655 857 696 violenter1
877 657 1066 695 resistere.
1125 655 1187 694 Sic
1216 656 1320 693 enim
1345 660 1563 705 repugnant
1591 661 1786 705 serpentes

458 734 496 766 et
515 727 635 765 bestie
655 727 875 765 naturaliter
894 726 1050 777 quando
1070 738 1093 764 a
1113 726 1311 764 contrariis
1332 725 1576 774 impetuntur,
1597 725 1650 763 ita
1678 724 1786 775 quod

458 810 481 835 a
518 797 622 835 malo
660 797 809 836 videtur
847 797 953 848 quod
991 797 1162 835 officium
1200 796 1339 834 milicie
1378 796 1426 833 sit
1472 795 1710 833 meritorium
1748 800 1787 834 et

458 868 619 906 salubre.
676 867 727 906 Et
753 868 792 905 in
823 868 894 905 ista
923 867 1095 905 leccione
1122 866 1270 904 videtur
1303 865 1410 916 quod
1442 871 1595 916 oportet
1625 877 1785 904 omnem

459 937 687 976 salvandum
733 937 1088 988 quomodocunque
1126 937 1300 975 occisum
1337 936 1396 974 vel
1434 942 1631 974 mortuum
1669 937 1786 974 vitam
1802 943 1842 966 10

457 1009 572 1046 istam
595 1009 702 1046 finire
731 1009 899 1047 dicendo
920 1008 993 1046 deo
1015 1006 1134 1044 ‘Fiat
1160 1008 1331 1044 voluntas
1356 1011 1422 1044 tua
1450 1013 1487 1044 et
1516 1006 1666 1045 dimitte
1693 1006 1786 1044 mihi
1799 1004 1900 1037 Matt.
1915 1005 1960 1037 vi·

459 1085 618 1128 peccata
647 1091 735 1117 mea
767 1078 874 1117 sicud
898 1085 935 1117 et
965 1090 1040 1127 ego
1071 1077 1220 1115 dimitto
1251 1077 1480 1126 generaliter
1504 1077 1557 1115 eis
1577 1077 1644 1128 qui
1664 1077 1704 1114 in
1723 1089 1786 1116 me
1802 1058 1852 1080 ω’

459 1147 734 1200 peccaverant.'
792 1149 978 1188 Securum
1007 1159 1099 1198 ergo
1131 1147 1228 1186 foret
1256 1147 1410 1185 fidelem
1441 1147 1653 1186 leccionem
1675 1148 1787 1186 istam

459 1231 550 1269 sepe
581 1226 750 1270 repetere
790 1232 907 1269 quam
938 1224 1091 1269 oportet
1129 1218 1177 1256 de
1217 1221 1444 1256 necessitate
1484 1218 1615 1256 salutis
1653 1230 1787 1268 quem-

181 1298 237 1324 But
250 1296 306 1324 this
321 1297 446 1324 doctrine
458 1289 549 1328 libet
567 1290 866 1340 predestinatum
885 1290 924 1327 in
945 1290 1020 1327 fine
1049 1300 1297 1338 cognoscere.
1354 1287 1403 1326 Et
1423 1289 1493 1326 ista
1513 1288 1697 1335 doctrina,
1718 1301 1787 1339 per
1803 1302 1842 1335 15

177 1331 321 1396 ῗῗῖζεὶὸεἷῖ
332 1331 385 1390 ῗξὲ
459 1372 577 1410 quarn
607 1367 771 1399 mortem
802 1360 974 1410 corporis
998 1371 1070 1409 pro
1099 1359 1237 1397 timore
1266 1359 1400 1396 mortis
1428 1358 1556 1397 anime
1586 1365 1786 1409 contemp-

180 1398 280 1459 5333?
292 1398 388 1425 omns
460 1437 591 1469 serunt
638 1431 814 1481 apostoli,
852 1430 995 1468 abolita
1041 1435 1098 1467 est
1136 1434 1173 1467 et
1218 1429 1431 1478 specialiter
1469 1441 1492 1467 a
1528 1428 1672 1468 clericis
1718 1441 1788 1479 per

458 1501 674 1551 principem
694 1500 803 1538 huius
831 1500 976 1539 mundi.
1033 1499 1138 1537 Nam
1158 1498 1207 1538 ad
1227 1498 1447 1536 bellandum
1476 1499 1618 1537 audent
1646 1510 1787 1537 consu-

458 1571 545 1618 lere,
581 1571 651 1609 sed
687 1571 884 1609 veritatem
924 1570 1020 1620 legis
1053 1569 1114 1608 dei
1148 1569 1217 1616 sui,
1235 1567 1254 1588 *
1286 1569 1411 1607 eciam
1458 1569 1571 1607 nullis
1617 1569 1786 1607 minimis
1798 1578 1846 1609 56
1863 1585 1895 1609 a.

457 1642 717 1687 iminentibus‚
741 1653 823 1680 non
846 1641 972 1680 solum
1002 1640 1135 1679 volunt
1165 1646 1398 1689 postponere
1430 1638 1499 1677 sed
1529 1638 1707 1679 cordatos
1735 1639 1843 1678 adzo

458 1712 666 1750 dicendum
699 1712 799 1750 hanc
830 1712 1030 1751 veritatem
1062 1710 1322 1760 multipliciter
1352 1710 1579 1759 inpugnare.
1635 1709 1686 1747 Et
1714 1709 1785 1748 hec
1797 1719 1840 1748 P.

457 1782 615 1821 indubie
636 1789 693 1820 est
712 1794 829 1821 causa
849 1795 967 1832 quare
994 1787 1145 1819 tantum
1174 1780 1330 1818 invaluit
1359 1780 1419 1818 lex
1448 1778 1643 1818 humana²
1661 1786 1698 1818 et
1717 1791 1787 1830 per

457 1864 700 1903 consequens
719 1859 923 1902 peccatum
942 1859 979 1890 et
999 1851 1177 1890 vecordia
1201 1851 1240 1889 in
1269 1862 1387 1889 causa
1415 1849 1477 1888 dei
1500 1862 1575 1900 que
1604 1850 1654 1889 ad
1681 1851 1786 1888 illam

458 1924 584 1973 legem
622 1924 884 1961 inevitabiliter
922 1928 1194 1962 consecuntur.
1264 1921 1384 1967 Patet,
1422 1921 1592 1971 inquam,
1631 1921 1786 1959 racione

459 1993 666 2043 multiplici,
697 1993 897 2044 quomodo
930 2005 1062 2031 sumus
1094 1991 1277 2030 vecordes
1314 1991 1354 2029 in
1388 2003 1503 2029 causa
1544 1990 1616 2037 dei,
1646 1991 1714 2029 sed
1745 1991 1785 2029 in
1799 2001 1839 2035 25

459 2076 575 2102 causa
600 2065 879 2114 temporalium,
900 2070 937 2102 et
956 2076 1024 2113 per
1050 2073 1294 2112 consequens
1320 2062 1359 2099 in
1385 2074 1502 2100 causa
1530 2061 1673 2100 diaboli
1700 2062 1786 2100 licet

183 2147 211 2173 It
224 2147 312 2173 avaris
322 2146 441 2179 nothing
459 2135 623 2183 palliata,
648 2134 872 2186 iniquitate³
893 2134 1035 2184 duplici
1065 2145 1198 2171 sumus
1223 2132 1442 2170 mirabiliter
1468 2132 1643 2170 animosi.
1701 2131 1787 2170 Nec

180 2180 435 2247 ἑῗὴῗιῗὲῗιῃῗυῗὲτῖἑέ
462 2206 560 2244 valet
579 2206 687 2244 fucus
707 2217 784 2255 quo
805 2205 960 2255 fingitur
980 2203 1085 2254 quod
1104 2216 1176 2242 nos
1195 2203 1234 2241 in
1254 2215 1348 2252 pace
1375 2202 1533 2241 ecclesie
1552 2214 1633 2240 non
1653 2214 1787 2240 sumus

179 2254 211 2274 to
224 2249 271 2273 the
285 2253 405 2279 martyrs

182 2283 238 2308 and
252 2283 414 2311 confessors,
461 2276 499 2313 in
529 2281 628 2313 statu
662 2282 741 2314 tam
761 2275 931 2325 perfecto
964 2281 1005 2312 ut
1038 2280 1147 2312 erant
1179 2273 1363 2319 martires,
1399 2285 1471 2310 nec
1500 2273 1552 2311 ita
1582 2273 1720 2310 maturi
1750 2278 1786 2311 et

181 2325 224 2341 we
234 2315 307 2341 wall<
321 2314 447 2347 securely

181 2348 447 2415 {ffffii'tissessihat
459 2347 625 2385 animosi
648 2353 689 2384 ut
721 2351 986 2384 successerant
1017 2344 1271 2391 confessores,
1301 2343 1368 2381 sed
1399 2343 1628 2381 sufficienter
1653 2355 1785 2381 secure
1799 2350 1841 2382 30

182 2425 230 2442 are
243 2421 272 2443 to
284 2415 319 2442 be
331 2415 425 2442 Saved·
460 2417 672 2455 incedimus
693 2417 732 2454 in
752 2416 887 2454 semita
907 2414 1193 2454 salvandorum.
1251 2413 1400 2452 Revera
1429 2425 1502 2451 nos
1531 2414 1584 2451 sic
1614 2413 1785 2463 duplices

461 2489 625 2526 dicimus
644 2487 744 2525 Pax
764 2494 855 2536 pax
874 2491 908 2525 et
924 2498 996 2524 non
1015 2490 1068 2523 est
1085 2492 1186 2534 pax,
1209 2497 1299 2523 cum
1318 2485 1356 2522 in
1379 2490 1422 2532 30
1442 2484 1553 2533 signo
1574 2484 1783 2531 deficimus,
1797 2488 1861 2531 Jer.
1878 2489 1921 2521 vi.
1940 2498 1990 2531 14.

460 2564 502 2595 ut
530 2558 634 2606 magi
662 2557 885 2602 Pharaonis,
914 2562 952 2594 et
989 2555 1079 2594 Non
1110 2560 1163 2593 est
1188 2562 1279 2604 pax
1312 2555 1436 2603 impiis
1467 2555 1560 2592 dz'cz‘t
1587 2553 1785 2592 Dominus.
1798 2559 1841 2591 Is.
1857 2559 1958 2592 xlviii.

461 2628 557 2666 Ideo
577 2627 692 2666 credo
712 2627 829 2665 latam
852 2626 967 2665 hodie
981 2626 995 2647 ⁴²
1015 2638 1097 2664 esse
1118 2626 1219 2663 viam
1247 2637 1322 2675 que
1352 2625 1457 2663 ducit
1485 2624 1535 2662 ad
1563 2624 1728 2663 inferum
1748 2631 1785 2662 et
1801 2612 1850 2635 22’

504 2722 513 2739 ¹
538 2722 680 2753 violente
695 2727 760 2763 pro
774 2721 943 2761 violenter,
960 2729 990 2752 Β.
1092 2718 1105 2736 ²
1126 2720 1292 2751 mundana
1307 2724 1371 2761 pro
1386 2718 1537 2758 humana,
1556 2727 1587 2751 B.
1686 2719 1699 2737 ³
1722 2719 1786 2750 ini-

460 2773 602 2814 quietate
618 2779 681 2816 pro
697 2773 878 2814 iniquitate,
895 2781 928 2805 A.
1017 2771 1029 2789 ⁴
1051 2771 1154 2804 latam
1170 2771 1281 2812 hodie,
1297 2771 1365 2803 ord.
1384 2771 1454 2803 inv.
1472 2778 1503 2802 B.
