<?xml version="1.0" encoding="UTF-8"?>
<!DOCTYPE html PUBLIC "-//W3C//DTD XHTML 1.0 Transitional//EN"
    "http://www.w3.org/TR/xhtml1/DTD/xhtml1-transitional.dtd">
<html xmlns="http://www.w3.org/1999/xhtml" xml:lang="en" lang="en">
 <head>
  <title>
</title>
<meta http-equiv="Content-Type" content="text/html;charset=utf-8" />
  <meta name='ocr-system' content='tesseract 3.04.00' />
  <meta name='ocr-capabilities' content='ocr_page ocr_carea ocr_par ocr_line ocrx_word'/>
</head>
<body>
  <div class='ocr_page' id='page_1' title='image "./tractatusdeoffic00wycl_0307.png"; bbox 0 0 2051 3299; ppageno 0'>
   <div class='ocr_carea' id='block_1_1' title="bbox 678 196 1857 241">
    <p class='ocr_par' dir='ltr' id='par_1_1' title="bbox 678 196 1857 241">
     <span class='ocr_line' id='line_1_1' title="bbox 678 196 1857 241; baseline 0.001 -13"><span class='ocrx_word' id='word_1_1' title='bbox 678 197 742 228; x_wconf 88' lang='lat' dir='ltr'>DE</span> <span class='ocrx_word' id='word_1_2' title='bbox 776 196 970 230; x_wconf 88' lang='lat' dir='ltr'><strong>OFFICIO</strong></span> <span class='ocrx_word' id='word_1_3' title='bbox 1004 197 1159 229; x_wconf 82' lang='lat' dir='ltr'><strong>REGIS.</strong></span> <span class='ocrx_word' id='word_1_4' title='bbox 1780 196 1857 241; x_wconf 82' lang='lat'>271</span> 
     </span>
    </p>
   </div>
   <div class='ocr_carea' id='block_1_2' title="bbox 39 301 1862 915">
    <p class='ocr_par' dir='ltr' id='par_1_2' title="bbox 39 301 1862 915">
     <span class='ocr_line' id='line_1_2' title="bbox 260 301 1584 350; baseline 0.001 -12"><span class='ocrx_word' id='word_1_5' title='bbox 260 307 315 339; x_wconf 88' lang='lat' dir='ltr'>est</span> <span class='ocrx_word' id='word_1_6' title='bbox 337 301 548 339; x_wconf 83' lang='lat' dir='ltr'>eternaliter</span> <span class='ocrx_word' id='word_1_7' title='bbox 568 313 695 339; x_wconf 92' lang='lat' dir='ltr'>sermo</span> <span class='ocrx_word' id='word_1_8' title='bbox 716 301 849 347; x_wconf 86' lang='lat' dir='ltr'>Patris,</span> <span class='ocrx_word' id='word_1_9' title='bbox 871 308 1002 339; x_wconf 85' lang='lat' dir='ltr'>tamen</span> <span class='ocrx_word' id='word_1_10' title='bbox 1022 301 1126 350; x_wconf 89' lang='lat' dir='ltr'>prius</span> <span class='ocrx_word' id='word_1_11' title='bbox 1147 307 1203 338; x_wconf 91' lang='lat' dir='ltr'>est</span> <span class='ocrx_word' id='word_1_12' title='bbox 1224 313 1342 350; x_wconf 90' lang='lat' dir='ltr'>quam</span> <span class='ocrx_word' id='word_1_13' title='bbox 1363 301 1427 339; x_wconf 92' lang='lat' dir='ltr'>illa</span> <span class='ocrx_word' id='word_1_14' title='bbox 1446 302 1584 339; x_wconf 85' lang='lat' dir='ltr'>veritas</span> 
     </span>
     <span class='ocr_line' id='line_1_3' title="bbox 259 371 1587 421; baseline 0 -12"><span class='ocrx_word' id='word_1_15' title='bbox 259 371 306 409; x_wconf 93' lang='lat' dir='ltr'>de</span> <span class='ocrx_word' id='word_1_16' title='bbox 327 378 426 409; x_wconf 89' lang='lat' dir='ltr'>terra</span> <span class='ocrx_word' id='word_1_17' title='bbox 456 378 540 410; x_wconf 89' lang='lat' dir='ltr'>orta</span> <span class='ocrx_word' id='word_1_18' title='bbox 566 379 633 410; x_wconf 91' lang='lat' dir='ltr'>est.</span> <span class='ocrx_word' id='word_1_19' title='bbox 691 371 805 409; x_wconf 88' lang='lat' dir='ltr'>Tunc</span> <span class='ocrx_word' id='word_1_20' title='bbox 836 372 939 409; x_wconf 90' lang='lat' dir='ltr'>enim</span> <span class='ocrx_word' id='word_1_21' title='bbox 970 373 1116 408; x_wconf 74' lang='lat' dir='ltr'>iusticia</span> <span class='ocrx_word' id='word_1_22' title='bbox 1141 377 1175 409; x_wconf 80' lang='lat' dir='ltr'>et</span> <span class='ocrx_word' id='word_1_23' title='bbox 1194 379 1284 421; x_wconf 81' lang='lat' dir='ltr'>pax</span> <span class='ocrx_word' id='word_1_24' title='bbox 1312 374 1469 410; x_wconf 78' lang='lat' dir='ltr'>osculate</span> <span class='ocrx_word' id='word_1_25' title='bbox 1498 377 1587 409; x_wconf 85' lang='lat' dir='ltr'>sunt</span> 
     </span>
     <span class='ocr_line' id='line_1_4' title="bbox 256 442 1584 492; baseline 0.002 -13"><span class='ocrx_word' id='word_1_26' title='bbox 256 443 414 491; x_wconf 88' lang='lat' dir='ltr'>quando</span> <span class='ocrx_word' id='word_1_27' title='bbox 444 455 513 492; x_wconf 85' lang='lat' dir='ltr'>per</span> <span class='ocrx_word' id='word_1_28' title='bbox 531 443 841 480; x_wconf 82' lang='lat' dir='ltr'>incarnacionem</span> <span class='ocrx_word' id='word_1_29' title='bbox 861 442 979 480; x_wconf 87' lang='lat' dir='ltr'>Verbi</span> <span class='ocrx_word' id='word_1_30' title='bbox 1007 443 1180 480; x_wconf 88' lang='lat' dir='ltr'>divinitas</span> <span class='ocrx_word' id='word_1_31' title='bbox 1201 449 1238 480; x_wconf 93' lang='lat' dir='ltr'>et</span> <span class='ocrx_word' id='word_1_32' title='bbox 1258 443 1475 481; x_wconf 89' lang='lat' dir='ltr'>humanitas</span> <span class='ocrx_word' id='word_1_33' title='bbox 1496 451 1584 482; x_wconf 89' lang='lat' dir='ltr'>sunt</span> 
     </span>
     <span class='ocr_line' id='line_1_5' title="bbox 39 512 1585 562; baseline -0.001 -10"><span class='ocrx_word' id='word_1_34' title='bbox 39 520 129 562; x_wconf 87' lang='lat' dir='ltr'>Song</span> <span class='ocrx_word' id='word_1_35' title='bbox 145 521 183 553; x_wconf 90' lang='lat' dir='ltr'>of</span> <span class='ocrx_word' id='word_1_36' title='bbox 255 513 494 562; x_wconf 87' lang='lat' dir='ltr'>yppostatice</span> <span class='ocrx_word' id='word_1_37' title='bbox 515 513 702 562; x_wconf 90' lang='lat' dir='ltr'>copulate.</span> <span class='ocrx_word' id='word_1_38' title='bbox 746 513 857 550; x_wconf 89' lang='lat' dir='ltr'>quta</span> <span class='ocrx_word' id='word_1_39' title='bbox 877 512 970 549; x_wconf 91' lang='lat' dir='ltr'>illud</span> <span class='ocrx_word' id='word_1_40' title='bbox 992 512 1262 550; x_wconf 85' lang='lat' dir='ltr'>Canticorum¹</span> <span class='ocrx_word' id='word_1_41' title='bbox 1288 521 1354 551; x_wconf 87' lang='lat'>10:</span> <span class='ocrx_word' id='word_1_42' title='bbox 1391 514 1585 551; x_wconf 72' lang='lat' dir='ltr'>osculetur</span> 
     </span>
     <span class='ocr_line' id='line_1_6' title="bbox 39 564 1583 622; baseline 0.001 -2"><span class='ocrx_word' id='word_1_43' title='bbox 39 564 107 596; x_wconf 68' lang='lat'>5⁰1·</span> <span class='ocrx_word' id='word_1_44' title='bbox 126 565 145 596; x_wconf 67' lang='lat' dir='ltr'>i·</span> <span class='ocrx_word' id='word_1_45' title='bbox 167 574 194 597; x_wconf 83' lang='lat'>¹·</span> <span class='ocrx_word' id='word_1_46' title='bbox 257 597 310 621; x_wconf 86' lang='lat' dir='ltr'>me</span> <span class='ocrx_word' id='word_1_47' title='bbox 329 585 448 621; x_wconf 85' lang='lat' dir='ltr'>osculo</span> <span class='ocrx_word' id='word_1_48' title='bbox 467 585 544 621; x_wconf 79' lang='lat' dir='ltr'>oris</span> <span class='ocrx_word' id='word_1_49' title='bbox 563 584 633 620; x_wconf 79' lang='lat' dir='ltr'>sui.</span> <span class='ocrx_word' id='word_1_50' title='bbox 689 583 740 620; x_wconf 92' lang='lat' dir='ltr'>Et</span> <span class='ocrx_word' id='word_1_51' title='bbox 760 583 848 620; x_wconf 91' lang='lat' dir='ltr'>hinc</span> <span class='ocrx_word' id='word_1_52' title='bbox 869 584 972 621; x_wconf 85' lang='lat' dir='ltr'>enim</span> <span class='ocrx_word' id='word_1_53' title='bbox 996 583 1103 621; x_wconf 91' lang='lat' dir='ltr'>Deus</span> <span class='ocrx_word' id='word_1_54' title='bbox 1123 584 1289 621; x_wconf 85' lang='lat' dir='ltr'>ostendit</span> <span class='ocrx_word' id='word_1_55' title='bbox 1309 583 1583 622; x_wconf 77' lang='lat' dir='ltr'>effectualiter2</span> 
     </span>
     <span class='ocr_line' id='line_1_7' title="bbox 255 653 1581 704; baseline 0.002 -14"><span class='ocrx_word' id='word_1_56' title='bbox 255 654 340 704; x_wconf 90' lang='lat' dir='ltr'>plus</span> <span class='ocrx_word' id='word_1_57' title='bbox 360 654 618 692; x_wconf 84' lang='lat' dir='ltr'>misericordie</span> <span class='ocrx_word' id='word_1_58' title='bbox 637 653 850 702; x_wconf 86' lang='lat' dir='ltr'>mitigando</span> <span class='ocrx_word' id='word_1_59' title='bbox 871 654 1109 691; x_wconf 87' lang='lat' dir='ltr'>severitatem</span> <span class='ocrx_word' id='word_1_60' title='bbox 1130 654 1275 692; x_wconf 90' lang='lat' dir='ltr'>iusticie</span> <span class='ocrx_word' id='word_1_61' title='bbox 1296 661 1333 692; x_wconf 87' lang='lat' dir='ltr'>et</span> <span class='ocrx_word' id='word_1_62' title='bbox 1353 667 1581 704; x_wconf 86' lang='lat' dir='ltr'>correspon-</span> 
     </span>
     <span class='ocr_line' id='line_1_8' title="bbox 254 724 1582 773; baseline 0.002 -11"><span class='ocrx_word' id='word_1_63' title='bbox 254 725 389 762; x_wconf 91' lang='lat' dir='ltr'>denter</span> <span class='ocrx_word' id='word_1_64' title='bbox 418 724 530 762; x_wconf 88' lang='lat' dir='ltr'>debet</span> <span class='ocrx_word' id='word_1_65' title='bbox 560 736 764 762; x_wconf 83' lang='lat' dir='ltr'>senescens</span> <span class='ocrx_word' id='word_1_66' title='bbox 797 724 968 762; x_wconf 90' lang='lat' dir='ltr'>seculum</span> <span class='ocrx_word' id='word_1_67' title='bbox 1000 724 1108 773; x_wconf 89' lang='lat' dir='ltr'>sequi</span> <span class='ocrx_word' id='word_1_68' title='bbox 1143 724 1334 762; x_wconf 88' lang='lat' dir='ltr'>Cristum:</span> <span class='ocrx_word' id='word_1_69' title='bbox 1365 727 1433 763; x_wconf 88' lang='lat' dir='ltr'>sed</span> <span class='ocrx_word' id='word_1_70' title='bbox 1458 732 1582 764; x_wconf 87' lang='lat' dir='ltr'>totum</span> 
     </span>
     <span class='ocr_line' id='line_1_9' title="bbox 254 795 1581 845; baseline 0 -12"><span class='ocrx_word' id='word_1_71' title='bbox 254 807 483 834; x_wconf 86' lang='lat' dir='ltr'>conversum</span> <span class='ocrx_word' id='word_1_72' title='bbox 520 801 577 832; x_wconf 88' lang='lat' dir='ltr'>est</span> <span class='ocrx_word' id='word_1_73' title='bbox 614 801 822 832; x_wconf 88' lang='lat' dir='ltr'>retrorsum</span> <span class='ocrx_word' id='word_1_74' title='bbox 856 808 903 832; x_wconf 86' lang='lat' dir='ltr'>ex</span> <span class='ocrx_word' id='word_1_75' title='bbox 937 795 1195 844; x_wconf 85' lang='lat' dir='ltr'>temptacione</span> <span class='ocrx_word' id='word_1_76' title='bbox 1230 795 1350 845; x_wconf 88' lang='lat' dir='ltr'>Regis</span> <span class='ocrx_word' id='word_1_77' title='bbox 1385 796 1581 845; x_wconf 90' lang='lat' dir='ltr'>Superbie.</span> 
     </span>
     <span class='ocr_line' id='line_1_10' title="bbox 253 865 1862 915; baseline 0.001 -12"><span class='ocrx_word' id='word_1_78' title='bbox 253 865 371 903; x_wconf 86' lang='lat' dir='ltr'>Unde</span> <span class='ocrx_word' id='word_1_79' title='bbox 409 865 498 903; x_wconf 91' lang='lat' dir='ltr'>tolle</span> <span class='ocrx_word' id='word_1_80' title='bbox 540 865 789 914; x_wconf 87' lang='lat' dir='ltr'>cupiditatem</span> <span class='ocrx_word' id='word_1_81' title='bbox 827 876 1058 915; x_wconf 87' lang='lat' dir='ltr'>pomposam</span> <span class='ocrx_word' id='word_1_82' title='bbox 1097 872 1134 903; x_wconf 88' lang='lat' dir='ltr'>et</span> <span class='ocrx_word' id='word_1_83' title='bbox 1172 865 1375 903; x_wconf 82' lang='lat' dir='ltr'>avariciam</span> <span class='ocrx_word' id='word_1_84' title='bbox 1422 865 1580 904; x_wconf 89' lang='lat' dir='ltr'>honoris</span> <span class='ocrx_word' id='word_1_85' title='bbox 1594 876 1719 903; x_wconf 78' lang='lat' dir='ltr'>Remove</span> <span class='ocrx_word' id='word_1_86' title='bbox 1732 877 1862 912; x_wconf 82' lang='lat' dir='ltr'>cupidity</span> 
     </span>
    </p>
   </div>
   <div class='ocr_carea' id='block_1_3' title="bbox 1593 911 1805 942">
    <p class='ocr_par' dir='ltr' id='par_1_3' title="bbox 1593 911 1805 942">
     <span class='ocr_line' id='line_1_11' title="bbox 1593 911 1805 942; baseline 0 -6"><span class='ocrx_word' id='word_1_87' title='bbox 1593 911 1649 936; x_wconf 84' lang='lat' dir='ltr'>and</span> <span class='ocrx_word' id='word_1_88' title='bbox 1659 911 1805 942; x_wconf 89' lang='lat' dir='ltr'>ambition,</span> 
     </span>
    </p>
   </div>
   <div class='ocr_carea' id='block_1_4' title="bbox 199 935 1816 1004">
    <p class='ocr_par' dir='ltr' id='par_1_4' title="bbox 199 935 1816 1004">
     <span class='ocr_line' id='line_1_12' title="bbox 199 935 1816 1004; baseline 0.002 -33"><span class='ocrx_word' id='word_1_89' title='bbox 199 937 389 974; x_wconf 89' lang='lat' dir='ltr'>10terreni</span> <span class='ocrx_word' id='word_1_90' title='bbox 409 942 445 973; x_wconf 90' lang='lat' dir='ltr'>et</span> <span class='ocrx_word' id='word_1_91' title='bbox 473 935 576 982; x_wconf 89' lang='lat' dir='ltr'>lucri,</span> <span class='ocrx_word' id='word_1_92' title='bbox 598 942 635 973; x_wconf 88' lang='lat' dir='ltr'>et</span> <span class='ocrx_word' id='word_1_93' title='bbox 663 935 804 973; x_wconf 90' lang='lat' dir='ltr'>tollitur</span> <span class='ocrx_word' id='word_1_94' title='bbox 833 947 894 973; x_wconf 90' lang='lat' dir='ltr'>ars</span> <span class='ocrx_word' id='word_1_95' title='bbox 923 935 1102 973; x_wconf 89' lang='lat' dir='ltr'>bellandi.</span> <span class='ocrx_word' id='word_1_96' title='bbox 1160 935 1360 986; x_wconf 87' lang='lat' dir='ltr'>Numquid</span> <span class='ocrx_word' id='word_1_97' title='bbox 1388 937 1578 974; x_wconf 91' lang='lat' dir='ltr'>credimus</span> <span class='ocrx_word' id='word_1_98' title='bbox 1590 944 1816 1004; x_wconf 41' lang='grc' dir='ltr'>ἓὲενίενζιεοεὲιὶῖιτιὲᾱ</span> 
     </span>
    </p>
   </div>
   <div class='ocr_carea' id='block_1_5' title="bbox 249 1006 1657 1055">
    <p class='ocr_par' dir='ltr' id='par_1_5' title="bbox 249 1006 1657 1055">
     <span class='ocr_line' id='line_1_13' title="bbox 249 1006 1657 1055; baseline 0.001 -11"><span class='ocrx_word' id='word_1_99' title='bbox 249 1007 311 1044; x_wconf 89' lang='lat' dir='ltr'>illa</span> <span class='ocrx_word' id='word_1_100' title='bbox 341 1018 401 1044; x_wconf 87' lang='lat' dir='ltr'>ars</span> <span class='ocrx_word' id='word_1_101' title='bbox 431 1006 476 1043; x_wconf 88' lang='lat' dir='ltr'>sit</span> <span class='ocrx_word' id='word_1_102' title='bbox 505 1006 751 1044; x_wconf 86' lang='lat' dir='ltr'>convertendi</span> <span class='ocrx_word' id='word_1_103' title='bbox 784 1006 1004 1055; x_wconf 83' lang='lat' dir='ltr'>proximum</span> <span class='ocrx_word' id='word_1_104' title='bbox 1033 1006 1098 1044; x_wconf 90' lang='lat' dir='ltr'>tali</span> <span class='ocrx_word' id='word_1_105' title='bbox 1130 1008 1351 1045; x_wconf 88' lang='lat' dir='ltr'>armatura?</span> <span class='ocrx_word' id='word_1_106' title='bbox 1408 1006 1579 1045; x_wconf 88' lang='lat' dir='ltr'>Docetur</span> <span class='ocrx_word' id='word_1_107' title='bbox 1591 1019 1657 1039; x_wconf 75' lang='lat' dir='ltr'>war.</span> 
     </span>
    </p>
   </div>
   <div class='ocr_carea' id='block_1_6' title="bbox 196 1076 1859 1338">
    <p class='ocr_par' dir='ltr' id='par_1_6' title="bbox 196 1076 1859 1338">
     <span class='ocr_line' id='line_1_14' title="bbox 247 1076 610 1126; baseline 0 -13"><span class='ocrx_word' id='word_1_108' title='bbox 247 1077 337 1114; x_wconf 89' lang='lat' dir='ltr'>alibi</span> <span class='ocrx_word' id='word_1_109' title='bbox 357 1077 396 1113; x_wconf 91' lang='lat' dir='ltr'>in</span> <span class='ocrx_word' id='word_1_110' title='bbox 417 1076 610 1126; x_wconf 90' lang='lat' dir='ltr'>scriptura.</span> 
     </span>
     <span class='ocr_line' id='line_1_15' title="bbox 303 1146 1859 1196; baseline 0 -12"><span class='ocrx_word' id='word_1_111' title='bbox 303 1147 380 1184; x_wconf 92' lang='lat' dir='ltr'>Sed</span> <span class='ocrx_word' id='word_1_112' title='bbox 412 1154 456 1195; x_wconf 86' lang='lat'>30</span> <span class='ocrx_word' id='word_1_113' title='bbox 484 1146 742 1196; x_wconf 81' lang='lat' dir='ltr'>principaliter</span> <span class='ocrx_word' id='word_1_114' title='bbox 779 1147 949 1195; x_wconf 83' lang='lat' dir='ltr'>arguitur</span> <span class='ocrx_word' id='word_1_115' title='bbox 986 1154 1119 1185; x_wconf 86' lang='lat' dir='ltr'>contra</span> <span class='ocrx_word' id='word_1_116' title='bbox 1156 1147 1423 1185; x_wconf 83' lang='lat' dir='ltr'>admittentem</span> <span class='ocrx_word' id='word_1_117' title='bbox 1462 1148 1577 1186; x_wconf 90' lang='lat' dir='ltr'>fidem</span> <span class='ocrx_word' id='word_1_118' title='bbox 1590 1158 1680 1185; x_wconf 83' lang='lat' dir='ltr'>Third</span> <span class='ocrx_word' id='word_1_119' title='bbox 1692 1160 1766 1187; x_wconf 76' lang='lat' dir='ltr'>main</span> <span class='ocrx_word' id='word_1_120' title='bbox 1778 1170 1859 1195; x_wconf 75' lang='lat' dir='ltr'>argu.</span> 
     </span>
     <span class='ocr_line' id='line_1_16' title="bbox 247 1195 1859 1268; baseline 0.003 -15"><span class='ocrx_word' id='word_1_121' title='bbox 247 1223 419 1255; x_wconf 86' lang='lat' dir='ltr'>nostram</span> <span class='ocrx_word' id='word_1_122' title='bbox 456 1229 525 1266; x_wconf 91' lang='lat' dir='ltr'>per</span> <span class='ocrx_word' id='word_1_123' title='bbox 562 1217 663 1254; x_wconf 86' lang='lat' dir='ltr'>viam</span> <span class='ocrx_word' id='word_1_124' title='bbox 710 1218 877 1255; x_wconf 88' lang='lat' dir='ltr'>racionis</span> <span class='ocrx_word' id='word_1_125' title='bbox 924 1217 1093 1255; x_wconf 88' lang='lat' dir='ltr'>humane</span> <span class='ocrx_word' id='word_1_126' title='bbox 1136 1218 1243 1268; x_wconf 88' lang='lat' dir='ltr'>quod</span> <span class='ocrx_word' id='word_1_127' title='bbox 1281 1219 1454 1257; x_wconf 87' lang='lat' dir='ltr'>illicitum</span> <span class='ocrx_word' id='word_1_128' title='bbox 1494 1195 1723 1258; x_wconf 53' lang='lat' dir='ltr'>estsffissssgssf</span> <span class='ocrx_word' id='word_1_129' title='bbox 1741 1195 1859 1222; x_wconf 83' lang='lat' dir='ltr'>Human</span> 
     </span>
     <span class='ocr_line' id='line_1_17' title="bbox 196 1287 1763 1338; baseline 0.003 -15"><span class='ocrx_word' id='word_1_130' title='bbox 196 1301 232 1333; x_wconf 83' lang='lat'>15</span> <span class='ocrx_word' id='word_1_131' title='bbox 248 1300 444 1338; x_wconf 85' lang='lat' dir='ltr'>gwerrare.</span> <span class='ocrx_word' id='word_1_132' title='bbox 520 1287 651 1325; x_wconf 88' lang='lat' dir='ltr'>Primo</span> <span class='ocrx_word' id='word_1_133' title='bbox 698 1300 767 1337; x_wconf 91' lang='lat' dir='ltr'>per</span> <span class='ocrx_word' id='word_1_134' title='bbox 808 1287 882 1325; x_wconf 93' lang='lat' dir='ltr'>hoc</span> <span class='ocrx_word' id='word_1_135' title='bbox 930 1288 1035 1337; x_wconf 87' lang='lat' dir='ltr'>quod</span> <span class='ocrx_word' id='word_1_136' title='bbox 1085 1289 1267 1327; x_wconf 91' lang='lat' dir='ltr'>omnibus</span> <span class='ocrx_word' id='word_1_137' title='bbox 1305 1289 1501 1327; x_wconf 84' lang='lat' dir='ltr'>laboribus</span> <span class='ocrx_word' id='word_1_138' title='bbox 1539 1297 1576 1328; x_wconf 91' lang='lat' dir='ltr'>et</span> <span class='ocrx_word' id='word_1_139' title='bbox 1589 1299 1763 1332; x_wconf 85' lang='lat' dir='ltr'>Moneyand</span> 
     </span>
    </p>
   </div>
   <div class='ocr_carea' id='block_1_7' title="bbox 243 1332 1820 1409">
    <p class='ocr_par' dir='ltr' id='par_1_7' title="bbox 243 1332 1820 1409">
     <span class='ocr_line' id='line_1_18' title="bbox 243 1332 1820 1409; baseline 0.001 -13"><span class='ocrx_word' id='word_1_140' title='bbox 243 1359 422 1408; x_wconf 87' lang='lat' dir='ltr'>expensis</span> <span class='ocrx_word' id='word_1_141' title='bbox 443 1358 594 1395; x_wconf 90' lang='lat' dir='ltr'>aliunde</span> <span class='ocrx_word' id='word_1_142' title='bbox 609 1358 648 1395; x_wconf 91' lang='lat' dir='ltr'>in</span> <span class='ocrx_word' id='word_1_143' title='bbox 663 1370 779 1396; x_wconf 88' lang='lat' dir='ltr'>causa</span> <span class='ocrx_word' id='word_1_144' title='bbox 794 1357 867 1395; x_wconf 91' lang='lat' dir='ltr'>Dei</span> <span class='ocrx_word' id='word_1_145' title='bbox 887 1358 1034 1396; x_wconf 89' lang='lat' dir='ltr'>facilius</span> <span class='ocrx_word' id='word_1_146' title='bbox 1049 1359 1230 1408; x_wconf 84' lang='lat' dir='ltr'>expositis</span> <span class='ocrx_word' id='word_1_147' title='bbox 1246 1360 1368 1397; x_wconf 89' lang='lat' dir='ltr'>maius</span> <span class='ocrx_word' id='word_1_148' title='bbox 1383 1361 1573 1409; x_wconf 89' lang='lat' dir='ltr'>premium</span> <span class='ocrx_word' id='word_1_149' title='bbox 1588 1332 1820 1393; x_wconf 47' lang='lat' dir='ltr'>lvefflclgtfffiessssm</span> 
     </span>
    </p>
   </div>
   <div class='ocr_carea' id='block_1_8' title="bbox 24 1401 1853 2396">
    <p class='ocr_par' dir='ltr' id='par_1_8' title="bbox 24 1401 1853 2396">
     <span class='ocr_line' id='line_1_19' title="bbox 244 1401 1826 1478; baseline 0.001 -12"><span class='ocrx_word' id='word_1_150' title='bbox 244 1429 462 1468; x_wconf 89' lang='lat' dir='ltr'>evidencius</span> <span class='ocrx_word' id='word_1_151' title='bbox 489 1436 718 1478; x_wconf 86' lang='lat' dir='ltr'>sequeretur.</span> <span class='ocrx_word' id='word_1_152' title='bbox 775 1429 882 1478; x_wconf 85' lang='lat' dir='ltr'>Ergo</span> <span class='ocrx_word' id='word_1_153' title='bbox 902 1429 974 1466; x_wconf 88' lang='lat' dir='ltr'>tale</span> <span class='ocrx_word' id='word_1_154' title='bbox 995 1430 1258 1469; x_wconf 89' lang='lat' dir='ltr'>conmercium</span> <span class='ocrx_word' id='word_1_155' title='bbox 1285 1430 1383 1468; x_wconf 91' lang='lat' dir='ltr'>foret</span> <span class='ocrx_word' id='word_1_156' title='bbox 1403 1401 1826 1470; x_wconf 39' lang='lat' dir='ltr'>stultumsslnciiffolifrefffaffly</span> 
     </span>
     <span class='ocr_line' id='line_1_20' title="bbox 245 1499 1576 1551; baseline 0.003 -16"><span class='ocrx_word' id='word_1_157' title='bbox 245 1499 386 1536; x_wconf 89' lang='lat' dir='ltr'>Fidelis</span> <span class='ocrx_word' id='word_1_158' title='bbox 416 1499 519 1536; x_wconf 90' lang='lat' dir='ltr'>enim</span> <span class='ocrx_word' id='word_1_159' title='bbox 550 1511 667 1548; x_wconf 89' lang='lat' dir='ltr'>quem</span> <span class='ocrx_word' id='word_1_160' title='bbox 706 1499 880 1548; x_wconf 87' lang='lat' dir='ltr'>alloquor</span> <span class='ocrx_word' id='word_1_161' title='bbox 919 1500 1170 1537; x_wconf 87' lang='lat' dir='ltr'>necessitatur</span> <span class='ocrx_word' id='word_1_162' title='bbox 1209 1500 1337 1538; x_wconf 90' lang='lat' dir='ltr'>dicere</span> <span class='ocrx_word' id='word_1_163' title='bbox 1376 1501 1482 1551; x_wconf 91' lang='lat' dir='ltr'>quod</span> <span class='ocrx_word' id='word_1_164' title='bbox 1514 1501 1576 1539; x_wconf 86' lang='lat' dir='ltr'>via</span> 
     </span>
     <span class='ocr_line' id='line_1_21' title="bbox 244 1570 1576 1620; baseline 0.002 -13"><span class='ocrx_word' id='word_1_165' title='bbox 244 1570 410 1607; x_wconf 90' lang='lat' dir='ltr'>bellandi</span> <span class='ocrx_word' id='word_1_166' title='bbox 443 1575 501 1607; x_wconf 88' lang='lat' dir='ltr'>est</span> <span class='ocrx_word' id='word_1_167' title='bbox 521 1570 580 1607; x_wconf 88' lang='lat' dir='ltr'>via</span> <span class='ocrx_word' id='word_1_168' title='bbox 611 1570 888 1608; x_wconf 86' lang='lat' dir='ltr'>beatitudinem</span> <span class='ocrx_word' id='word_1_169' title='bbox 919 1570 1181 1619; x_wconf 89' lang='lat' dir='ltr'>promerendi,</span> <span class='ocrx_word' id='word_1_170' title='bbox 1209 1571 1299 1620; x_wconf 87' lang='lat' dir='ltr'>quia</span> <span class='ocrx_word' id='word_1_171' title='bbox 1319 1572 1379 1609; x_wconf 90' lang='lat' dir='ltr'>via</span> <span class='ocrx_word' id='word_1_172' title='bbox 1410 1572 1576 1610; x_wconf 85' lang='lat' dir='ltr'>caritatis</span> 
     </span>
     <span class='ocr_line' id='line_1_22' title="bbox 191 1640 1575 1691; baseline 0.003 -15"><span class='ocrx_word' id='word_1_173' title='bbox 191 1653 231 1675; x_wconf 86' lang='lat'>20</span> <span class='ocrx_word' id='word_1_174' title='bbox 245 1640 366 1677; x_wconf 86' lang='lat' dir='ltr'>eciam</span> <span class='ocrx_word' id='word_1_175' title='bbox 386 1640 561 1678; x_wconf 89' lang='lat' dir='ltr'>hostibus</span> <span class='ocrx_word' id='word_1_176' title='bbox 588 1640 852 1689; x_wconf 88' lang='lat' dir='ltr'>prodessendi.</span> <span class='ocrx_word' id='word_1_177' title='bbox 911 1640 987 1678; x_wconf 89' lang='lat' dir='ltr'>Sed</span> <span class='ocrx_word' id='word_1_178' title='bbox 1015 1641 1102 1690; x_wconf 90' lang='lat' dir='ltr'>quis</span> <span class='ocrx_word' id='word_1_179' title='bbox 1122 1641 1269 1679; x_wconf 87' lang='lat' dir='ltr'>dubitat</span> <span class='ocrx_word' id='word_1_180' title='bbox 1290 1642 1383 1691; x_wconf 90' lang='lat' dir='ltr'>quin</span> <span class='ocrx_word' id='word_1_181' title='bbox 1404 1643 1575 1682; x_wconf 89' lang='lat' dir='ltr'>securius</span> 
     </span>
     <span class='ocr_line' id='line_1_23' title="bbox 244 1710 1575 1760; baseline 0.002 -13"><span class='ocrx_word' id='word_1_182' title='bbox 244 1710 393 1748; x_wconf 90' lang='lat' dir='ltr'>facilius</span> <span class='ocrx_word' id='word_1_183' title='bbox 413 1717 450 1748; x_wconf 92' lang='lat' dir='ltr'>et</span> <span class='ocrx_word' id='word_1_184' title='bbox 469 1711 616 1748; x_wconf 88' lang='lat' dir='ltr'>reccius</span> <span class='ocrx_word' id='word_1_185' title='bbox 636 1718 767 1760; x_wconf 89' lang='lat' dir='ltr'>posset</span> <span class='ocrx_word' id='word_1_186' title='bbox 796 1711 916 1748; x_wconf 91' lang='lat' dir='ltr'>homo</span> <span class='ocrx_word' id='word_1_187' title='bbox 945 1712 1095 1758; x_wconf 87' lang='lat' dir='ltr'>mereri,</span> <span class='ocrx_word' id='word_1_188' title='bbox 1116 1718 1194 1749; x_wconf 92' lang='lat' dir='ltr'>tam</span> <span class='ocrx_word' id='word_1_189' title='bbox 1224 1712 1439 1750; x_wconf 89' lang='lat' dir='ltr'>secundum</span> <span class='ocrx_word' id='word_1_190' title='bbox 1459 1713 1575 1751; x_wconf 88' lang='lat' dir='ltr'>vitam</span> 
     </span>
     <span class='ocr_line' id='line_1_24' title="bbox 242 1782 1574 1834; baseline 0.003 -16"><span class='ocrx_word' id='word_1_191' title='bbox 242 1782 403 1819; x_wconf 88' lang='lat' dir='ltr'>activam</span> <span class='ocrx_word' id='word_1_192' title='bbox 442 1794 560 1831; x_wconf 89' lang='lat' dir='ltr'>quam</span> <span class='ocrx_word' id='word_1_193' title='bbox 600 1782 939 1832; x_wconf 88' lang='lat' dir='ltr'>contemplativam</span> <span class='ocrx_word' id='word_1_194' title='bbox 977 1783 1142 1821; x_wconf 86' lang='lat' dir='ltr'>vivendo</span> <span class='ocrx_word' id='word_1_195' title='bbox 1188 1784 1294 1822; x_wconf 88' lang='lat' dir='ltr'>domi</span> <span class='ocrx_word' id='word_1_196' title='bbox 1332 1797 1421 1822; x_wconf 90' lang='lat' dir='ltr'>cum</span> <span class='ocrx_word' id='word_1_197' title='bbox 1459 1792 1574 1834; x_wconf 90' lang='lat' dir='ltr'>gente</span> 
     </span>
     <span class='ocr_line' id='line_1_25' title="bbox 241 1852 1574 1905; baseline 0.003 -16"><span class='ocrx_word' id='word_1_198' title='bbox 241 1853 423 1902; x_wconf 90' lang='lat' dir='ltr'>propria?</span> <span class='ocrx_word' id='word_1_199' title='bbox 479 1852 585 1901; x_wconf 90' lang='lat' dir='ltr'>Ergo</span> <span class='ocrx_word' id='word_1_200' title='bbox 616 1853 670 1890; x_wconf 91' lang='lat' dir='ltr'>sic</span> <span class='ocrx_word' id='word_1_201' title='bbox 701 1853 839 1890; x_wconf 87' lang='lat' dir='ltr'>bellare</span> <span class='ocrx_word' id='word_1_202' title='bbox 874 1859 931 1890; x_wconf 89' lang='lat' dir='ltr'>est</span> <span class='ocrx_word' id='word_1_203' title='bbox 965 1853 1130 1891; x_wconf 82' lang='lat' dir='ltr'>stulticia</span> <span class='ocrx_word' id='word_1_204' title='bbox 1161 1861 1198 1891; x_wconf 92' lang='lat' dir='ltr'>et</span> <span class='ocrx_word' id='word_1_205' title='bbox 1232 1867 1301 1904; x_wconf 90' lang='lat' dir='ltr'>per</span> <span class='ocrx_word' id='word_1_206' title='bbox 1332 1867 1574 1905; x_wconf 90' lang='lat' dir='ltr'>consequens</span> 
     </span>
     <span class='ocr_line' id='line_1_26' title="bbox 24 1923 1853 1974; baseline 0.001 -15"><span class='ocrx_word' id='word_1_207' title='bbox 24 1934 76 1966; x_wconf 84' lang='lat' dir='ltr'>M.</span> <span class='ocrx_word' id='word_1_208' title='bbox 240 1929 454 1972; x_wconf 88' lang='lat' dir='ltr'>peccatum.</span> <span class='ocrx_word' id='word_1_209' title='bbox 512 1924 610 1961; x_wconf 92' lang='lat' dir='ltr'>Item</span> <span class='ocrx_word' id='word_1_210' title='bbox 636 1924 795 1961; x_wconf 88' lang='lat' dir='ltr'>obtenta</span> <span class='ocrx_word' id='word_1_211' title='bbox 824 1923 973 1961; x_wconf 88' lang='lat' dir='ltr'>fortuite</span> <span class='ocrx_word' id='word_1_212' title='bbox 993 1924 1151 1962; x_wconf 88' lang='lat' dir='ltr'>victoria</span> <span class='ocrx_word' id='word_1_213' title='bbox 1180 1925 1222 1962; x_wconf 91' lang='lat' dir='ltr'>fit</span> <span class='ocrx_word' id='word_1_214' title='bbox 1251 1925 1417 1963; x_wconf 72' lang='lat' dir='ltr'>exinde-⁴</span> <span class='ocrx_word' id='word_1_215' title='bbox 1437 1926 1573 1964; x_wconf 90' lang='lat' dir='ltr'>Victor</span> <span class='ocrx_word' id='word_1_216' title='bbox 1586 1935 1853 1974; x_wconf 61' lang='lat' dir='ltr'>Victoryatempta.</span> 
     </span>
     <span class='ocr_line' id='line_1_27' title="bbox 187 1971 1752 2044; baseline 0.003 -14"><span class='ocrx_word' id='word_1_217' title='bbox 187 2012 225 2044; x_wconf 85' lang='lat'>25</span> <span class='ocrx_word' id='word_1_218' title='bbox 239 1994 396 2043; x_wconf 88' lang='lat' dir='ltr'>pronior</span> <span class='ocrx_word' id='word_1_219' title='bbox 419 1993 467 2030; x_wconf 88' lang='lat' dir='ltr'>ad</span> <span class='ocrx_word' id='word_1_220' title='bbox 492 1993 744 2042; x_wconf 87' lang='lat' dir='ltr'>peccandum.</span> <span class='ocrx_word' id='word_1_221' title='bbox 802 1993 911 2043; x_wconf 85' lang='lat' dir='ltr'>Ergo</span> <span class='ocrx_word' id='word_1_222' title='bbox 931 1995 992 2032; x_wconf 89' lang='lat' dir='ltr'>via</span> <span class='ocrx_word' id='word_1_223' title='bbox 1021 1995 1075 2032; x_wconf 91' lang='lat' dir='ltr'>sic</span> <span class='ocrx_word' id='word_1_224' title='bbox 1105 1995 1334 2033; x_wconf 87' lang='lat' dir='ltr'>difficultans</span> <span class='ocrx_word' id='word_1_225' title='bbox 1363 1996 1519 2034; x_wconf 90' lang='lat' dir='ltr'>abducit</span> <span class='ocrx_word' id='word_1_226' title='bbox 1548 1971 1752 2034; x_wconf 44' lang='lat' dir='ltr'>alligtcissthe</span> 
     </span>
     <span class='ocr_line' id='line_1_28' title="bbox 238 2064 1568 2117; baseline 0.003 -16"><span class='ocrx_word' id='word_1_227' title='bbox 238 2064 298 2101; x_wconf 89' lang='lat' dir='ltr'>via</span> <span class='ocrx_word' id='word_1_228' title='bbox 317 2064 496 2102; x_wconf 90' lang='lat' dir='ltr'>virtutum</span> <span class='ocrx_word' id='word_1_229' title='bbox 520 2077 588 2114; x_wconf 93' lang='lat' dir='ltr'>per</span> <span class='ocrx_word' id='word_1_230' title='bbox 618 2077 736 2114; x_wconf 87' lang='lat' dir='ltr'>quam</span> <span class='ocrx_word' id='word_1_231' title='bbox 768 2065 891 2103; x_wconf 85' lang='lat' dir='ltr'>solam</span> <span class='ocrx_word' id='word_1_232' title='bbox 915 2065 964 2102; x_wconf 91' lang='lat' dir='ltr'>ad</span> <span class='ocrx_word' id='word_1_233' title='bbox 994 2066 1119 2103; x_wconf 92' lang='lat' dir='ltr'>celum</span> <span class='ocrx_word' id='word_1_234' title='bbox 1148 2067 1325 2104; x_wconf 81' lang='lat' dir='ltr'>tenditur.</span> <span class='ocrx_word' id='word_1_235' title='bbox 1381 2067 1568 2117; x_wconf 92' lang='lat' dir='ltr'>Assump-</span> 
     </span>
     <span class='ocr_line' id='line_1_29' title="bbox 238 2135 1570 2188; baseline 0.004 -17"><span class='ocrx_word' id='word_1_236' title='bbox 238 2141 318 2172; x_wconf 88' lang='lat' dir='ltr'>tum</span> <span class='ocrx_word' id='word_1_237' title='bbox 348 2142 453 2183; x_wconf 89' lang='lat' dir='ltr'>patet</span> <span class='ocrx_word' id='word_1_238' title='bbox 485 2135 532 2173; x_wconf 90' lang='lat' dir='ltr'>de</span> <span class='ocrx_word' id='word_1_239' title='bbox 559 2135 756 2181; x_wconf 90' lang='lat' dir='ltr'>iactancia‚</span> <span class='ocrx_word' id='word_1_240' title='bbox 778 2135 826 2173; x_wconf 89' lang='lat' dir='ltr'>de</span> <span class='ocrx_word' id='word_1_241' title='bbox 846 2135 917 2182; x_wconf 90' lang='lat' dir='ltr'>via,</span> <span class='ocrx_word' id='word_1_242' title='bbox 939 2136 1001 2174; x_wconf 87' lang='lat' dir='ltr'>et⁵</span> <span class='ocrx_word' id='word_1_243' title='bbox 1021 2136 1069 2174; x_wconf 91' lang='lat' dir='ltr'>de</span> <span class='ocrx_word' id='word_1_244' title='bbox 1090 2138 1265 2184; x_wconf 88' lang='lat' dir='ltr'>avaricia,</span> <span class='ocrx_word' id='word_1_245' title='bbox 1288 2144 1324 2175; x_wconf 90' lang='lat' dir='ltr'>et</span> <span class='ocrx_word' id='word_1_246' title='bbox 1344 2150 1413 2188; x_wconf 91' lang='lat' dir='ltr'>per</span> <span class='ocrx_word' id='word_1_247' title='bbox 1432 2150 1570 2176; x_wconf 91' lang='lat' dir='ltr'>conse-</span> 
     </span>
     <span class='ocr_line' id='line_1_30' title="bbox 237 2204 1570 2257; baseline 0.004 -16"><span class='ocrx_word' id='word_1_248' title='bbox 237 2216 360 2253; x_wconf 91' lang='lat' dir='ltr'>quens</span> <span class='ocrx_word' id='word_1_249' title='bbox 392 2204 440 2242; x_wconf 90' lang='lat' dir='ltr'>de</span> <span class='ocrx_word' id='word_1_250' title='bbox 472 2205 578 2242; x_wconf 76' lang='lat' dir='ltr'>omni</span> <span class='ocrx_word' id='word_1_251' title='bbox 610 2218 750 2254; x_wconf 88' lang='lat' dir='ltr'>genere</span> <span class='ocrx_word' id='word_1_252' title='bbox 781 2211 1032 2254; x_wconf 91' lang='lat' dir='ltr'>peccatorum</span> <span class='ocrx_word' id='word_1_253' title='bbox 1061 2207 1110 2244; x_wconf 87' lang='lat' dir='ltr'>ad</span> <span class='ocrx_word' id='word_1_254' title='bbox 1129 2208 1235 2256; x_wconf 87' lang='lat' dir='ltr'>quod</span> <span class='ocrx_word' id='word_1_255' title='bbox 1266 2220 1314 2245; x_wconf 85' lang='lat' dir='ltr'>ex</span> <span class='ocrx_word' id='word_1_256' title='bbox 1343 2209 1499 2257; x_wconf 85' lang='lat' dir='ltr'>gwerris</span> <span class='ocrx_word' id='word_1_257' title='bbox 1529 2209 1570 2246; x_wconf 91' lang='lat' dir='ltr'>fit</span> 
     </span>
     <span class='ocr_line' id='line_1_31' title="bbox 237 2274 1568 2325; baseline 0.004 -13"><span class='ocrx_word' id='word_1_258' title='bbox 237 2274 356 2313; x_wconf 91' lang='lat' dir='ltr'>homo</span> <span class='ocrx_word' id='word_1_259' title='bbox 376 2276 543 2325; x_wconf 83' lang='lat' dir='ltr'>pronior,</span> <span class='ocrx_word' id='word_1_260' title='bbox 560 2288 649 2313; x_wconf 87' lang='lat' dir='ltr'>curn</span> <span class='ocrx_word' id='word_1_261' title='bbox 662 2277 675 2296; x_wconf 76' lang='lat'><strong>⁶</strong></span> <span class='ocrx_word' id='word_1_262' title='bbox 690 2277 738 2314; x_wconf 88' lang='lat' dir='ltr'>sit</span> <span class='ocrx_word' id='word_1_263' title='bbox 754 2276 794 2312; x_wconf 92' lang='lat' dir='ltr'>in</span> <span class='ocrx_word' id='word_1_264' title='bbox 814 2276 1025 2314; x_wconf 88' lang='lat' dir='ltr'>humilitate</span> <span class='ocrx_word' id='word_1_265' title='bbox 1042 2284 1078 2314; x_wconf 90' lang='lat' dir='ltr'>et</span> <span class='ocrx_word' id='word_1_266' title='bbox 1094 2278 1175 2315; x_wconf 90' lang='lat' dir='ltr'>aliis</span> <span class='ocrx_word' id='word_1_267' title='bbox 1191 2278 1390 2316; x_wconf 89' lang='lat' dir='ltr'>virtutibus</span> <span class='ocrx_word' id='word_1_268' title='bbox 1407 2279 1568 2317; x_wconf 84' lang='lat' dir='ltr'>annexis</span> 
     </span>
     <span class='ocr_line' id='line_1_32' title="bbox 181 2345 1833 2396; baseline 0.001 -12"><span class='ocrx_word' id='word_1_269' title='bbox 181 2360 223 2392; x_wconf 83' lang='lat'>30</span> <span class='ocrx_word' id='word_1_270' title='bbox 236 2346 452 2395; x_wconf 90' lang='lat' dir='ltr'>pauperior.</span> <span class='ocrx_word' id='word_1_271' title='bbox 510 2345 607 2383; x_wconf 91' lang='lat' dir='ltr'>Item</span> <span class='ocrx_word' id='word_1_272' title='bbox 636 2358 754 2384; x_wconf 91' lang='lat' dir='ltr'>nemo</span> <span class='ocrx_word' id='word_1_273' title='bbox 784 2352 842 2384; x_wconf 88' lang='lat' dir='ltr'>est</span> <span class='ocrx_word' id='word_1_274' title='bbox 861 2359 948 2384; x_wconf 91' lang='lat' dir='ltr'>vere</span> <span class='ocrx_word' id='word_1_275' title='bbox 978 2347 1118 2396; x_wconf 85' lang='lat' dir='ltr'>dignus</span> <span class='ocrx_word' id='word_1_276' title='bbox 1138 2347 1340 2386; x_wconf 80' lang='lat' dir='ltr'>dominio⁷</span> <span class='ocrx_word' id='word_1_277' title='bbox 1360 2348 1434 2386; x_wconf 89' lang='lat' dir='ltr'>nisi</span> <span class='ocrx_word' id='word_1_278' title='bbox 1456 2348 1568 2387; x_wconf 89' lang='lat' dir='ltr'>fuerit</span> <span class='ocrx_word' id='word_1_279' title='bbox 1582 2355 1771 2383; x_wconf 82' lang='lat' dir='ltr'>Mercenaries</span> <span class='ocrx_word' id='word_1_280' title='bbox 1785 2366 1833 2384; x_wconf 80' lang='lat' dir='ltr'>are</span> 
     </span>
    </p>
   </div>
   <div class='ocr_carea' id='block_1_9' title="bbox 1581 2388 1816 2421">
    <p class='ocr_par' dir='ltr' id='par_1_9' title="bbox 1581 2388 1816 2421">
     <span class='ocr_line' id='line_1_33' title="bbox 1581 2388 1816 2421; baseline 0.013 -7"><span class='ocrx_word' id='word_1_281' title='bbox 1581 2388 1711 2421; x_wconf 86' lang='lat' dir='ltr'>ignorant</span> <span class='ocrx_word' id='word_1_282' title='bbox 1726 2391 1759 2416; x_wconf 89' lang='lat' dir='ltr'>os</span> <span class='ocrx_word' id='word_1_283' title='bbox 1768 2391 1816 2417; x_wconf 79' lang='lat' dir='ltr'>the</span> 
     </span>
    </p>
   </div>
   <div class='ocr_carea' id='block_1_10' title="bbox 19 2416 1820 2484">
    <p class='ocr_par' dir='ltr' id='par_1_10' title="bbox 19 2416 1820 2484">
     <span class='ocr_line' id='line_1_34' title="bbox 19 2416 1820 2484; baseline 0.003 -34"><span class='ocrx_word' id='word_1_284' title='bbox 19 2421 173 2454; x_wconf 77' lang='lat' dir='ltr'><strong>F01.179</strong></span> <span class='ocrx_word' id='word_1_285' title='bbox 186 2423 220 2454; x_wconf 90' lang='lat' dir='ltr'>b.</span> <span class='ocrx_word' id='word_1_286' title='bbox 236 2416 275 2452; x_wconf 90' lang='lat' dir='ltr'>in</span> <span class='ocrx_word' id='word_1_287' title='bbox 300 2416 440 2464; x_wconf 88' lang='lat' dir='ltr'>gracia,</span> <span class='ocrx_word' id='word_1_288' title='bbox 467 2422 508 2453; x_wconf 91' lang='lat' dir='ltr'>ut</span> <span class='ocrx_word' id='word_1_289' title='bbox 546 2416 608 2454; x_wconf 92' lang='lat' dir='ltr'>hic</span> <span class='ocrx_word' id='word_1_290' title='bbox 647 2417 885 2466; x_wconf 86' lang='lat' dir='ltr'>supponitur.</span> <span class='ocrx_word' id='word_1_291' title='bbox 929 2416 948 2436; x_wconf 87' lang='lat'><strong><em>*</em></strong></span> <span class='ocrx_word' id='word_1_292' title='bbox 994 2416 1069 2454; x_wconf 90' lang='lat' dir='ltr'>Sed</span> <span class='ocrx_word' id='word_1_293' title='bbox 1107 2417 1182 2456; x_wconf 92' lang='lat' dir='ltr'>hoc</span> <span class='ocrx_word' id='word_1_294' title='bbox 1220 2418 1371 2467; x_wconf 87' lang='lat' dir='ltr'>ignorat</span> <span class='ocrx_word' id='word_1_295' title='bbox 1407 2419 1820 2484; x_wconf 41' lang='lat' dir='ltr'>quilibetJ&#39;ctgthigefngvzffch</span> 
     </span>
    </p>
   </div>
   <div class='ocr_carea' id='block_1_11' title="bbox 234 2486 1746 2607">
    <p class='ocr_par' dir='ltr' id='par_1_11' title="bbox 234 2486 1746 2607">
     <span class='ocr_line' id='line_1_35' title="bbox 235 2486 1746 2537; baseline 0.001 -14"><span class='ocrx_word' id='word_1_296' title='bbox 235 2486 503 2536; x_wconf 87' lang='lat' dir='ltr'>stipendiarius</span> <span class='ocrx_word' id='word_1_297' title='bbox 538 2486 585 2524; x_wconf 90' lang='lat' dir='ltr'>de</span> <span class='ocrx_word' id='word_1_298' title='bbox 617 2487 715 2524; x_wconf 92' lang='lat' dir='ltr'>duce</span> <span class='ocrx_word' id='word_1_299' title='bbox 745 2487 946 2525; x_wconf 86' lang='lat' dir='ltr'>exercitus.</span> <span class='ocrx_word' id='word_1_300' title='bbox 1020 2487 1128 2537; x_wconf 88' lang='lat' dir='ltr'>Ergo</span> <span class='ocrx_word' id='word_1_301' title='bbox 1159 2488 1310 2537; x_wconf 89' lang='lat' dir='ltr'>ignorat</span> <span class='ocrx_word' id='word_1_302' title='bbox 1342 2488 1390 2525; x_wconf 92' lang='lat' dir='ltr'>de</span> <span class='ocrx_word' id='word_1_303' title='bbox 1411 2489 1646 2527; x_wconf 71' lang='lat' dir='ltr'>Iusticjathey</span> <span class='ocrx_word' id='word_1_304' title='bbox 1665 2490 1746 2524; x_wconf 77' lang='lat' dir='ltr'>fight-</span> 
     </span>
     <span class='ocr_line' id='line_1_36' title="bbox 234 2556 1566 2607; baseline 0.002 -13"><span class='ocrx_word' id='word_1_305' title='bbox 234 2569 402 2607; x_wconf 84' lang='lat' dir='ltr'>pungne.</span> <span class='ocrx_word' id='word_1_306' title='bbox 459 2556 562 2594; x_wconf 85' lang='lat' dir='ltr'>Ceca</span> <span class='ocrx_word' id='word_1_307' title='bbox 592 2557 706 2606; x_wconf 87' lang='lat' dir='ltr'>igitur</span> <span class='ocrx_word' id='word_1_308' title='bbox 734 2556 831 2594; x_wconf 91' lang='lat' dir='ltr'>foret</span> <span class='ocrx_word' id='word_1_309' title='bbox 851 2557 1045 2595; x_wconf 89' lang='lat' dir='ltr'>temeritas</span> <span class='ocrx_word' id='word_1_310' title='bbox 1065 2557 1105 2595; x_wconf 90' lang='lat' dir='ltr'>in</span> <span class='ocrx_word' id='word_1_311' title='bbox 1134 2558 1198 2596; x_wconf 89' lang='lat' dir='ltr'>tali</span> <span class='ocrx_word' id='word_1_312' title='bbox 1219 2571 1336 2596; x_wconf 89' lang='lat' dir='ltr'>causa</span> <span class='ocrx_word' id='word_1_313' title='bbox 1366 2559 1566 2597; x_wconf 89' lang='lat' dir='ltr'>hominem</span> 
     </span>
    </p>
   </div>
   <div class='ocr_carea' id='block_1_12' title="bbox 228 2670 1565 2815">
    <p class='ocr_par' dir='ltr' id='par_1_12' title="bbox 228 2670 1565 2815">
     <span class='ocr_line' id='line_1_37' title="bbox 277 2670 1565 2713; baseline 0.002 -11"><span class='ocrx_word' id='word_1_314' title='bbox 277 2670 289 2689; x_wconf 90' lang='lat'>¹</span> <span class='ocrx_word' id='word_1_315' title='bbox 306 2672 467 2703; x_wconf 88' lang='lat' dir='ltr'>canticum</span> <span class='ocrx_word' id='word_1_316' title='bbox 478 2675 541 2712; x_wconf 82' lang='lat' dir='ltr'>pro</span> <span class='ocrx_word' id='word_1_317' title='bbox 557 2670 771 2710; x_wconf 83' lang='lat' dir='ltr'>canticorum,</span> <span class='ocrx_word' id='word_1_318' title='bbox 790 2679 825 2702; x_wconf 86' lang='lat' dir='ltr'>A.</span> <span class='ocrx_word' id='word_1_319' title='bbox 914 2670 927 2688; x_wconf 77' lang='lat'><em>²</em></span> <span class='ocrx_word' id='word_1_320' title='bbox 943 2671 1094 2703; x_wconf 86' lang='lat' dir='ltr'>effectum</span> <span class='ocrx_word' id='word_1_321' title='bbox 1111 2671 1204 2703; x_wconf 86' lang='lat' dir='ltr'>aliter</span> <span class='ocrx_word' id='word_1_322' title='bbox 1213 2676 1278 2713; x_wconf 78' lang='lat' dir='ltr'>pro</span> <span class='ocrx_word' id='word_1_323' title='bbox 1293 2671 1513 2709; x_wconf 81' lang='lat' dir='ltr'>effectualiter,</span> <span class='ocrx_word' id='word_1_324' title='bbox 1529 2680 1565 2704; x_wconf 84' lang='lat' dir='ltr'>A.</span> 
     </span>
     <span class='ocr_line' id='line_1_38' title="bbox 234 2721 1565 2766; baseline 0.003 -14"><span class='ocrx_word' id='word_1_325' title='bbox 234 2722 246 2741; x_wconf 76' lang='lat'><strong>³</strong></span> <span class='ocrx_word' id='word_1_326' title='bbox 267 2727 326 2761; x_wconf 87' lang='lat' dir='ltr'>est,</span> <span class='ocrx_word' id='word_1_327' title='bbox 342 2733 403 2753; x_wconf 82' lang='lat' dir='ltr'>om.</span> <span class='ocrx_word' id='word_1_328' title='bbox 421 2730 455 2753; x_wconf 83' lang='grc' dir='ltr'>Α.</span> <span class='ocrx_word' id='word_1_329' title='bbox 557 2721 570 2739; x_wconf 72' lang='lat'>⁴¹</span> <span class='ocrx_word' id='word_1_330' title='bbox 593 2722 779 2763; x_wconf 85' lang='lat' dir='ltr'>exemplum</span> <span class='ocrx_word' id='word_1_331' title='bbox 796 2726 860 2763; x_wconf 77' lang='lat' dir='ltr'>pro</span> <span class='ocrx_word' id='word_1_332' title='bbox 876 2722 1001 2761; x_wconf 86' lang='lat' dir='ltr'>exinde,</span> <span class='ocrx_word' id='word_1_333' title='bbox 1019 2731 1053 2755; x_wconf 82' lang='grc' dir='ltr'>Α.</span> <span class='ocrx_word' id='word_1_334' title='bbox 1159 2722 1171 2740; x_wconf 88' lang='lat'>⁵</span> <span class='ocrx_word' id='word_1_335' title='bbox 1194 2728 1235 2762; x_wconf 88' lang='lat' dir='ltr'>et,</span> <span class='ocrx_word' id='word_1_336' title='bbox 1252 2734 1312 2755; x_wconf 88' lang='lat' dir='ltr'>om.</span> <span class='ocrx_word' id='word_1_337' title='bbox 1332 2731 1362 2756; x_wconf 91' lang='grc' dir='ltr'>Β.</span> <span class='ocrx_word' id='word_1_338' title='bbox 1467 2725 1479 2743; x_wconf 82' lang='lat'>⁶</span> <span class='ocrx_word' id='word_1_339' title='bbox 1502 2734 1565 2766; x_wconf 87' lang='lat' dir='ltr'>que</span> 
     </span>
     <span class='ocr_line' id='line_1_39' title="bbox 228 2771 1013 2815; baseline 0 -11"><span class='ocrx_word' id='word_1_340' title='bbox 228 2778 292 2814; x_wconf 83' lang='lat' dir='ltr'>pro</span> <span class='ocrx_word' id='word_1_341' title='bbox 309 2783 393 2813; x_wconf 74' lang='lat' dir='ltr'>curn,</span> <span class='ocrx_word' id='word_1_342' title='bbox 410 2782 444 2804; x_wconf 88' lang='lat' dir='ltr'>A.</span> <span class='ocrx_word' id='word_1_343' title='bbox 532 2771 545 2789; x_wconf 90' lang='lat'><strong>⁷</strong></span> <span class='ocrx_word' id='word_1_344' title='bbox 569 2773 705 2804; x_wconf 89' lang='lat' dir='ltr'>domino</span> <span class='ocrx_word' id='word_1_345' title='bbox 721 2778 787 2815; x_wconf 73' lang='lat' dir='ltr'>pro</span> <span class='ocrx_word' id='word_1_346' title='bbox 802 2774 961 2812; x_wconf 85' lang='lat' dir='ltr'>dominio,</span> <span class='ocrx_word' id='word_1_347' title='bbox 979 2782 1013 2805; x_wconf 88' lang='lat' dir='ltr'>A.</span> 
     </span>
    </p>
   </div>
  </div>
 </body>
</html>
