2051 3299
667 235 730 265 DE
764 234 958 266 OFFICIO
989 233 1143 266 REGIS.
1773 231 1855 278 235

250 337 356 387 quod
379 337 543 375 multum
572 350 639 386 per
668 338 810 383 omnia,
835 349 923 376 cum
954 337 1136 386 sapientis
1167 337 1320 375 scientis
1340 337 1576 374 voluntatem
1589 338 1764 405 (113ξῇἶὲεῶἐὲ
1764 347 1805 397 ἓξ-

249 408 311 445 dei
350 408 397 445 sit
433 408 536 444 illam
575 408 779 457 precipere,
816 414 853 444 et
891 408 1020 444 minus
1059 407 1238 456 sapientis
1274 407 1320 444 sit
1351 407 1503 445 credere
1539 413 1575 444 et
1589 404 1833 465 *Woirssffggggssm

248 484 473 527 preceptum
494 478 717 515 obedienter
732 478 927 527 perficere.
978 477 1097 524 Quod
1118 477 1149 515 si
1171 477 1305 514 stultus
1326 490 1373 515 ex
1397 477 1576 526 superbia
1588 471 1855 531 ἑξζῐὲξῗοξξξᾞω

249 548 444 585 luciferina
490 548 649 585 mandat
686 548 869 586 voluntati
908 547 970 585 dei
1009 548 1256 594 contrarium,
1300 547 1404 585 racio
1443 547 1575 597 magni
1588 538 1787 597 ξξὴζξῗξξεξιξῗ

1587 605 1675 637 really
1689 605 1775 642 God's
1788 604 1844 631 will

216 618 372 658 smeriti
393 624 447 655 est
477 618 684 667 prudenter
716 618 786 655 sibi
818 618 1002 655 resistere.
1060 617 1111 654 Et
1143 618 1194 654 ita
1223 617 1475 666 pseudocristi
1507 630 1574 667 per
1588 637 1611 664 ῖς
1623 638 1807 665 meritonous.

249 689 425 726 accidens
445 694 607 738 prosunt
626 689 798 734 ecclesie,
820 700 908 726 cum
939 688 1168 725 difficultant
1196 689 1373 725 membra
1394 688 1506 725 Cristi
1526 688 1575 726 ad

247 759 466 796 faciendum
493 760 575 797 eius
595 759 830 797 voluntatem
851 759 959 796 cuius
981 758 1197 807 complecio
1217 764 1274 795 est
1294 770 1341 795 eo
1361 758 1576 796 meritorior

247 835 284 866 et
303 830 457 867 racione
478 829 696 866 resistencie
717 829 876 878 insurgit
896 840 1040 866 novum
1066 828 1247 866 meritum
1267 829 1467 866 resistenti.
1523 828 1574 865 Et
1586 831 1824 891 ffigpeffifesffffiw

248 906 351 949 patet
372 900 572 949 quomodo
600 899 652 936 hii
682 900 747 949 qui
767 906 925 948 presunt
938 898 948 917 ¹
970 899 1112 936 debent
1133 899 1330 936 attendere
1357 899 1571 936 doctrinam
1585 898 1823 963 ‘gasffiffilg’ssgiejge-

28 968 379 1010 Jamesi.19.1300bi
410 977 451 1006 10
471 969 576 1019 quod
609 970 683 1006 sint
714 970 822 1006 lardi
847 970 899 1007 ad
926 970 1152 1018 loquendum,
1176 969 1391 1018 specialiter
1423 969 1472 1007 ad
1504 969 1573 1006 im·
1587 964 1787 990 ⁰0mma¹¹dsi¹¹

30 1255 77 1284 48
94 1262 123 1285 ο.

1588 997 1683 1030 things
1693 998 1810 1024 neutral.

247 1040 459 1090 perandum
491 1040 529 1076 in
561 1040 714 1086 neutris,
736 1040 809 1077 nisi
842 1051 956 1088 super
983 1039 1059 1077 hoc
1085 1039 1269 1077 haberent
1296 1039 1575 1077 revelacionem
1588 1030 1668 1089 ξξξῐζ
1680 1031 1854 1090 ζῗξξζξὲῐθᾶῑ

247 1110 309 1148 vel
339 1110 545 1160 specialem
585 1109 791 1156 noticiam3
826 1110 915 1159 quia
946 1110 1055 1147 aliter
1086 1110 1276 1147 nescirent
1307 1110 1337 1147 si
1366 1110 1460 1147 deus
1488 1110 1575 1147 velit
1588 1097 1838 1164 ffissffssrggfipre‘

247 1181 491 1220 contrarium.
548 1180 598 1217 Et
618 1179 705 1217 hinc
727 1179 891 1217 creditur
920 1180 1026 1229 quod
1056 1192 1103 1218 ex
1133 1180 1461 1230 multiplicacione
1489 1193 1575 1230 pre-

246 1252 410 1290 latorum
431 1250 450 1270 *
471 1250 780 1300 imprudencium
800 1256 837 1288 et
857 1251 1140 1300 prepositorum
1165 1251 1404 1288 novellarum
1417 1252 1430 1272 ²
1450 1251 1576 1300 religi-

195 1332 233 1365 15
247 1334 367 1360 onum
387 1321 689 1370 precipiencium
720 1321 907 1358 novitates
927 1322 1169 1370 perturbatur
1190 1321 1365 1367 ecclesia,
1389 1333 1478 1359 cum
1498 1321 1551 1358 illi
1564 1320 1577 1341 ³

247 1404 336 1442 sepe
375 1404 398 1429 a
426 1391 619 1429 voluntate
654 1391 715 1428 dei
749 1392 968 1429 exorbitant
998 1391 1244 1441 irreligiosius
1278 1404 1395 1442 quam
1428 1391 1577 1429 domini

247 1463 448 1507 seculares,
481 1474 570 1499 cum
601 1462 757 1499 veniunt
791 1467 977 1512 tanquam
1010 1462 1158 1500 Cristus
1185 1462 1437 1500 vendicantes
1468 1463 1575 1512 quod

247 1533 361 1571 debet
393 1532 524 1582 perfici
554 1538 738 1581 tanquam
769 1532 944 1570 voluntas
979 1533 1039 1570 dei
1078 1533 1264 1583 quidquid
1295 1534 1573 1571 mandaverint.

246 1603 295 1640 Et
335 1603 405 1641 ista
442 1602 654 1640 blasfema4
683 1603 842 1640 civilitas
881 1603 1082 1640 confundit
1112 1604 1327 1649 ecclesiam,
1363 1616 1452 1641 cum
1482 1616 1572 1653 sepe

195 1683 234 1705 20
247 1674 434 1711 mandant
468 1673 612 1710 nedum
651 1672 757 1722 quod
789 1673 934 1710 Cristus
969 1674 1134 1711 consulit
1173 1674 1242 1711 sed
1280 1673 1399 1711 multa
1437 1681 1573 1712 contra

248 1744 363 1782 Cristi
382 1743 542 1781 consilia
562 1749 598 1780 et
617 1749 798 1792 precepta
808 1755 818 1790 ;
849 1749 885 1780 et
905 1744 959 1780 sic
980 1744 1184 1781 consilium
1204 1744 1463 1793 reputacionis
1483 1756 1573 1782 cum

247 1814 450 1852 formidine
466 1825 617 1851 versum
639 1820 697 1851 est
717 1813 756 1850 in
776 1820 1003 1863 preceptum
1025 1814 1303 1852 dominativum
1328 1827 1417 1852 cum
1438 1815 1577 1853 acerba

247 1892 284 1922 et
304 1884 635 1923 excomunicativa
664 1884 885 1922 exaccione.
942 1884 992 1922 Et
1020 1884 1109 1923 hinc
1139 1886 1439 1935 multiplicantur
1467 1897 1576 1923 men-

248 1954 356 1993 dacia
376 1954 662 2004 prepositorum
693 1954 909 1992 dicencium
939 1955 1047 2004 quod
1067 1962 1124 1993 est
1145 1956 1269 1994 taliter
1289 1955 1518 2001 faciendum,
1541 1961 1577 1994 et

195 2038 234 2070 25
247 2025 544 2063 denuncciatum
573 2025 821 2062 rebellantem
841 2026 896 2063 eis
916 2038 1000 2063 esse
1021 2027 1359 2064 excomunicatum
1389 2034 1575 2076 tanquam

246 2095 396 2133 hostem
417 2094 577 2132 ecclesie
598 2095 849 2144 puniendum.
907 2095 1035 2134 Causa
1055 2103 1187 2134 autem
1211 2097 1387 2135 omnium
1416 2097 1576 2135 istorum
1589 2107 1641 2167 3³23}
1650 2107 1860 2174 ἓξῗῗίἓὲηέῗῗλῧῐ

247 2172 305 2204 est
346 2165 435 2215 quia
481 2165 672 2203 receditur
715 2178 738 2203 a
775 2166 957 2215 religione
1005 2167 1231 2216 apostolica,
1271 2167 1422 2205 Cesaris
1470 2168 1577 2205 novi·
1590 2175 1812 2242 {issffcsseeligissff

248 2236 390 2273 tatibus
414 2235 665 2273 intendendo.
723 2235 853 2274 Nemo
873 2237 977 2273 enim
998 2237 1112 2274 debet
1132 2238 1343 2286 precipere,
1365 2237 1431 2275 sed
1451 2250 1578 2287 neque

248 2306 468 2355 simpliciter
498 2306 710 2350 consulere,
732 2305 802 2343 nisi
832 2306 937 2355 quod
967 2306 1078 2344 sciret
1102 2319 1187 2344 esse
1217 2307 1264 2345 de
1285 2307 1482 2345 voluntate
1506 2308 1578 2346 dei.

195 2388 237 2420 30
251 2375 328 2414 Sed
360 2376 605 2416 dominantes
636 2376 676 2412 in
707 2375 811 2413 clero
843 2376 988 2414 faciunt
1018 2376 1118 2414 hanc
1151 2377 1365 2414 doctrinam
1400 2390 1577 2416 corruere

249 2446 513 2484 machinantes
528 2446 648 2483 multa
664 2446 791 2483 media
810 2446 996 2484 blasfema
1011 2447 1151 2496 quibus
1168 2447 1416 2496 sophisticent
1433 2448 1577 2497 dogma

249 2529 373 2563 suum,
406 2522 448 2554 ut
479 2516 531 2553 hii
565 2517 698 2554 dicunt
730 2516 837 2565 quod
870 2516 979 2554 aliter
1009 2517 1149 2566 periret
1181 2523 1299 2554 status
1331 2518 1500 2564 ecclesie,
1523 2518 1576 2556 hii

249 2593 378 2624 autem
402 2586 624 2624 blasfemius
644 2586 749 2635 quod
776 2586 880 2635 leges
900 2594 937 2624 et
957 2587 1211 2625 exeeuciones
1232 2600 1376 2635 earum,
1399 2595 1436 2626 et
1455 2601 1577 2637 quan-

249 2656 378 2706 doque
398 2656 548 2702 iniuste‚
569 2656 744 2693 faciende
766 2662 855 2693 sunt
874 2663 914 2694 ut
936 2656 1077 2694 subditi
1097 2663 1320 2704 terreantur,
1341 2664 1378 2695 et
1398 2658 1449 2694 hii
1470 2658 1576 2706 quod

195 2726 320 2766 35hec
352 2726 464 2775 culpa
495 2725 620 2764 solum
654 2726 756 2764 cadit
785 2726 825 2763 in
857 2727 1060 2775 prepositis
1093 2727 1159 2765 sed
1190 2728 1315 2765 maius
1334 2728 1513 2765 meritum
1536 2729 1576 2765 in

249 2803 258 2821 ¹
274 2813 355 2834 corr.
369 2803 455 2835 Edd.
469 2813 510 2834 ex
522 2808 667 2845 prosunt,
679 2812 711 2836 A.
727 2811 756 2835 Β.
796 2801 808 2819 ²
822 2803 1041 2843 novellorum,
1055 2812 1088 2836 A.
1129 2803 1140 2821 ³
1156 2804 1225 2844 ille,
1240 2812 1273 2836 A.
1319 2803 1330 2822 ¹
1346 2804 1525 2843 blasfemia,
1541 2814 1575 2837 Α.
