2051 3299
211 185 294 236 276

208 364 271 391 The
285 365 448 398 priesthood

207 399 259 425 has
273 400 338 425 thus
351 399 466 426 become

207 432 271 463 vile,
287 433 342 458 and
356 442 444 459 worse

207 466 274 491 than
289 475 345 498 any
356 466 403 499 lay

208 499 361 526 condition.

209 796 418 823 Renunciation
432 797 464 824 of

207 831 255 856 the
269 830 421 857 Caesarian

206 865 386 890 endowment

207 898 302 924 would
315 907 381 924 cure

207 931 286 957 these
299 931 353 958 ills.

207 1432 234 1458 A
246 1430 409 1465 theologian

207 1466 290 1492 could
303 1466 381 1492 show
392 1465 426 1498 (i)

208 1499 271 1525 that
285 1505 314 1525 to
328 1508 385 1525 war

207 1532 395 1565 righteously‚

206 1566 317 1599 though
330 1565 460 1598 possible,

207 1599 232 1625 is
245 1600 381 1631 difficult;
399 1599 442 1632 (ii)

208 1632 236 1659 in
250 1634 325 1659 what
340 1642 418 1659 cases
432 1633 454 1659 it

208 1666 231 1693 is
245 1667 340 1693 lawful
353 1667 410 1692 and

208 1700 244 1726 its
257 1701 364 1733 danger
377 1700 405 1727 in

207 1734 318 1765 others;
337 1734 391 1766 (iii)

207 1767 244 1793 its
257 1773 368 1800 greater
380 1768 447 1794 dan·

209 1810 259 1833 ger
272 1810 335 1827 now
350 1801 418 1827 than
432 1801 460 1827 in

207 1835 256 1859 the
269 1834 335 1860 time
349 1835 381 1861 of
396 1835 444 1860 the

208 1868 265 1894 Old
278 1868 452 1894 Testament-

207 2134 258 2167 (iv)
269 2134 345 2160 That
359 2134 380 2160 it
393 2133 416 2160 is

210 2177 285 2194 more
297 2169 433 2194 conform-

209 2202 273 2227 able
287 2208 315 2228 to
330 2202 376 2227 the
390 2202 443 2227 law

210 2236 243 2261 os
252 2235 357 2267 Christ,
373 2241 421 2262 not
432 2240 460 2261 to

211 2278 278 2296 war.

211 2443 250 2474 (v)
267 2441 343 2467 That
357 2440 404 2466 the

210 2477 306 2507 clergy
317 2475 417 2500 should
431 2479 480 2501 not

211 2510 324 2541 employ
338 2508 385 2533 the
399 2508 470 2534 alms

211 2543 295 2575 given
309 2542 385 2567 them
398 2541 425 2566 in

212 2585 269 2601 war
282 2576 332 2601 but
347 2575 448 2601 should

211 2609 315 2642 preach
327 2618 422 2642 peace.

894 199 960 231 DE
991 199 1185 232 OFFICIO
1218 201 1371 234 REGIS.

489 300 614 349 magis
649 301 869 341 intendere:
900 310 935 341 et
961 304 1016 342 sic
1042 304 1233 353 gradatim
1262 317 1331 354 per
1359 304 1627 343 subtilissimas
1651 305 1818 344 cautelas

490 370 643 414 diaboli,
675 372 945 421 sophisticatur
973 374 1132 412 ecclesia
1170 387 1193 412 a
1221 375 1345 424 gradu
1380 375 1566 413 altissimo
1600 387 1694 425 pure
1725 388 1820 425 apo-

491 441 625 479 stolico
646 442 685 478 in
707 443 968 482 sacerdotibus
984 457 1107 494 usque
1128 446 1177 483 ad
1192 445 1356 494 gradum
1370 445 1598 482 vilissimum
1613 446 1820 495 sophistice

488 519 725 561 agregatum.
801 512 916 551 Unde
955 521 992 552 et
1029 514 1121 551 illud
1160 515 1207 552 de
1242 521 1342 552 statu
1379 522 1563 564 agregato
1601 516 1822 565 turpissimo

488 582 778 621 considerarent
791 583 802 603 1
822 590 1028 623 tractantes
1049 585 1095 622 de
1116 584 1326 623 maioritate
1347 591 1383 622 et
1403 585 1641 632 obediencia,
1664 592 1700 623 et
1729 592 1820 623 tunc
1833 596 1853 629 5

487 652 583 691 forte
603 661 885 702 cognoscerent
906 655 1013 705 quod
1043 656 1164 693 status
1185 655 1312 693 totalis
1342 668 1460 705 quem
1489 656 1542 693 sic
1571 656 1823 705 magnificant

489 723 535 761 sit
565 724 711 773 turpior
748 737 866 774 quarn
905 732 1024 763 status
1062 725 1199 775 aliquis
1238 725 1394 763 laicalis.
1452 725 1503 763 Et
1541 725 1617 763 hoc
1656 738 1724 775 per
1761 725 1823 763 dei

490 795 660 843 graciam
676 796 858 833 excitaret
872 808 940 834 eos
957 796 1006 833 ad
1021 796 1353 834 renuncciandum
1367 795 1612 834 dotacionem
1626 807 1824 834 cesaream

490 878 560 915 per
589 877 708 915 quam
736 865 824 904 licet
852 867 1001 904 mundo
1030 866 1271 916 resplendeat
1295 866 1438 904 vilescit
1467 872 1585 904 status
1611 866 1734 904 fetens
1763 866 1822 903 in-

487 936 676 975 trinsecus
688 936 711 975 ²ss
754 937 805 975 Et
825 943 917 975 tunc
936 950 984 975 ex
1004 949 1084 975 uno
1105 937 1222 974 latere
1242 936 1451 974 saciaretur
1470 936 1510 973 in
1530 935 1628 974 civili
1649 936 1821 975 dominio
1836 939 1877 972 10'

488 1007 720 1046 secularium
759 1009 973 1057 appetitus;
1011 1020 1059 1045 ex
1095 1007 1170 1045 alio
1209 1006 1326 1044 latere
1366 1012 1586 1056 suppeteret
1624 1006 1680 1044 eis
1716 1006 1822 1044 unde

487 1079 607 1117 laicus
627 1078 685 1116 vel
706 1079 864 1117 clericus
885 1079 966 1117 sine
989 1077 1167 1128 symonia
1187 1082 1223 1115 et
1243 1076 1432 1114 blasfema
1454 1076 1683 1115 detencione
1704 1076 1823 1114 curati

488 1161 511 1187 a
544 1161 635 1187 cura
665 1149 848 1199 pastorali
874 1149 914 1186 in
945 1161 1015 1187 suo
1039 1148 1251 1187 ministerio
1281 1148 1328 1185 sit
1357 1147 1593 1194 conductus3
1627 1159 1676 1185 ex
1706 1146 1823 1184 tercio

487 1220 603 1258 latere
633 1232 702 1269 per
739 1219 934 1257 efficacem
972 1219 1060 1257 cleri
1098 1218 1435 1268 exemplacionem
1465 1224 1502 1255 et
1536 1217 1707 1254 vivacem
1741 1217 1824 1254 eius

487 1290 805 1328 exhortacionem
835 1289 1027 1327 seculares
1057 1295 1303 1326 moverentur
1331 1288 1578 1326 renuncciare
1609 1287 1666 1325 vel
1695 1288 1822 1325 minus
1837 1300 1875 1333 15

487 1361 586 1399 affici
633 1361 769 1398 mundi
816 1360 960 1399 diviciis
1007 1366 1046 1398 et
1093 1360 1146 1397 sic
1192 1359 1336 1397 habere
1382 1358 1555 1408 undique
1603 1370 1743 1408 pacem
1785 1364 1824 1396 et

489 1431 737 1470 concordiam
775 1444 864 1470 cum
903 1431 1044 1469 exteris
1082 1430 1256 1468 inimicis.
1324 1429 1553 1479 Theologus
1591 1436 1720 1467 autem
1756 1441 1823 1467 ex-

491 1504 684 1542 aminatus
721 1503 761 1541 in
792 1503 864 1541 isto
898 1515 967 1552 per
1000 1501 1163 1540 modum
1197 1500 1347 1539 consilii
1384 1507 1517 1550 posset
1551 1500 1678 1540 dicere
1716 1499 1824 1550 quod

490 1574 673 1624 possibile
726 1573 793 1611 sed
851 1572 1004 1611 difficile
1055 1578 1113 1611 est
1160 1583 1359 1622 gwerrare.
1445 1570 1627 1609 Secundo
1680 1570 1824 1609 diceret

489 1645 604 1696 plane
633 1645 719 1683 talis
747 1657 890 1695 gwerre
919 1644 1121 1683 licenciam
1149 1650 1187 1681 et
1215 1642 1369 1681 aliunde
1398 1641 1621 1692 periculum.
1678 1641 1821 1680 Tercio
1834 1650 1876 1673 20

489 1716 630 1754 diceret
669 1716 775 1766 quod
802 1715 947 1754 bellum
986 1721 1043 1752 est
1082 1714 1199 1752 hodie
1236 1712 1487 1763 periculosius
1526 1724 1646 1763 quam
1684 1712 1752 1749 fuit
1785 1711 1826 1749 in

490 1788 607 1825 veteri
643 1793 885 1825 testamento.
943 1785 1059 1823 Tune
1097 1785 1202 1823 enim
1240 1783 1428 1822 bellarunt
1471 1796 1519 1821 ex
1562 1781 1826 1820 revelacione³

492 1860 641 1898 domini
679 1865 815 1897 contra
852 1858 1026 1896 infideles
1074 1864 1232 1907 propter
1275 1856 1526 1894 hereditatem
1565 1866 1683 1903 quam
1731 1853 1827 1891 deus

489 1931 560 1968 illis
607 1930 827 1976 donaverat,
872 1929 940 1966 sed
987 1928 1102 1966 hodie
1151 1927 1354 1966 deficiente
1400 1926 1474 1963 isto
1511 1925 1655 1962 habent
1693 1936 1825 1973 super-

489 2001 620 2039 addita
654 2000 768 2039 Cristi
797 2000 958 2039 consilia
988 1999 1037 2036 ad
1066 2011 1140 2048 que
1174 1998 1340 2047 amplius
1371 1997 1591 2045 obligantur
1621 2006 1739 2044 quarn
1773 1994 1822 2032 ad
1836 2011 1875 2044 25

490 2079 675 2123 precepta
713 2078 849 2110 neutra
887 2071 1028 2109 terreni
1073 2069 1259 2119 principis
1302 2067 1361 2106 vel
1410 2066 1588 2116 spiritalis
1630 2065 1827 2115 prepositi,

492 2143 643 2190 Quarto
682 2142 901 2181 consuleret
940 2153 1030 2179 cum
1061 2141 1109 2178 sit
1143 2140 1273 2178 sanius
1313 2138 1482 2176 securius
1521 2143 1558 2174 et
1595 2135 1672 2185 legi
1711 2135 1882 2173 CristiR.

490 2215 728 2253 conformius
762 2212 870 2263 quod
904 2212 1093 2250 seculares
1125 2215 1275 2248 cessent
1304 2222 1326 2246 a
1356 2208 1522 2259 gwerris,
1552 2207 1640 2244 licet
1669 2218 1748 2256 quo
1778 2205 1827 2244 ad

492 2286 713 2325 civilitatem
749 2283 982 2334 perdiderint
1020 2288 1215 2319 terrenum
1254 2279 1480 2318 dominium.
1539 2277 1684 2315 Stultus
1723 2277 1826 2314 enim

490 2358 587 2395 foret
616 2356 682 2406 qui
702 2355 927 2392 inniteretur
946 2365 1012 2391 ore
1033 2352 1165 2390 lacus4
1186 2350 1307 2388 labilis
1334 2356 1371 2388 et
1390 2348 1570 2399 profundi
1586 2347 1677 2385 dum
1695 2353 1822 2398 posset
1836 2359 1878 2391 30

492 2440 560 2477 per
586 2426 756 2464 medium
780 2431 895 2462 strate
921 2424 1024 2472 regie
1054 2422 1212 2460 faciliter
1241 2420 1386 2458 munde
1410 2426 1447 2457 et
1475 2431 1607 2457 secure
1636 2417 1823 2455 incedere.

495 2498 644 2545 Quinto
673 2496 893 2534 consuleret
922 2494 1027 2544 quod
1062 2493 1184 2531 clerus
1216 2504 1288 2529 nec
1316 2503 1385 2529 sua
1402 2492 1414 2511 ⁵
1441 2489 1691 2540 prodigaliter
1719 2489 1759 2525 in
1786 2500 1827 2526 se

495 2574 700 2607 consumat
713 2568 738 2613 ⁶,
768 2579 840 2604 nec
866 2571 1029 2614 gwerret
1063 2576 1153 2602 cum
1184 2562 1394 2600 elemosina
1422 2573 1540 2611 quam
1573 2559 1764 2598 seculares
1793 2560 1828 2597 ei

537 2650 549 2668 ¹
566 2648 785 2681 consideraret
803 2652 866 2689 pro
882 2645 1134 2683 considerarent,
1153 2652 1186 2675 A.
1267 2642 1279 2660 ²
1296 2643 1473 2674 intresecus
1489 2646 1555 2683 pro
1571 2640 1773 2678 intrinsecus,
1791 2647 1825 2670 A.

492 2702 503 2720 ³
521 2702 730 2739 revelatione,
749 2707 790 2734 Α;
815 2698 979 2730 relacione
1000 2707 1017 2727 e
1040 2695 1251 2731 revelacione,
1269 2699 1445 2726 correctum
1463 2701 1494 2726 Β.
1584 2692 1596 2710 ⁴
1620 2701 1717 2723 omne
1739 2691 1827 2722 latus

486 2761 550 2797 pro
567 2766 621 2787 ore
638 2755 736 2786 lacus.
750 2761 783 2785 A.
853 2751 865 2769 ⁵
889 2751 994 2784 clerus
1010 2761 1068 2782 nee
1085 2761 1141 2781 sua
1158 2749 1278 2781 emend.
1294 2749 1380 2780 Echi.
1392 2752 1455 2791 pro
1471 2757 1530 2779 nec
1547 2745 1649 2778 clerus
1666 2756 1742 2777 suus
1756 2756 1826 2784 nec,

494 2816 515 2839 A
522 2832 530 2847 ,
549 2815 578 2839 Β.
713 2805 724 2823 ‘⁵
750 2805 918 2837 consinuat
928 2808 991 2846 pro
1008 2806 1186 2837 consumat,
1205 2809 1240 2834 A.
