2051 3299
176 222 259 272 164
879 232 943 263 DE
977 231 1173 263 OFFICIO
1207 231 1363 263 REGIS.

172 345 440 410 ἓξίινὲξεξὲἓᾶὲξῗπῑιο
451 336 564 385 igitur
579 337 829 374 beneficiatus
845 337 930 374 talis
946 337 1225 374 transmarinus
1240 348 1322 373 non
1343 342 1494 385 reputat
1515 348 1554 373 se
1576 336 1791 373 subiectum

173 413 230 471 {¹312
235 412 421 472 ιῗζοθῖῑῑξῑὶἒξθορ,
453 414 587 446 nostro
608 408 898 457 archiepiscopo
917 409 1066 445 videtur
1093 408 1199 457 quod
1219 408 1279 444 vel
1299 408 1444 444 veniret
1472 407 1512 444 in
1531 419 1698 456 persona
1727 418 1795 443 sua

173 488 220 538 ἒξ
231 480 443 544 ggtthlgf’ffjsffy
454 479 600 516 faciens
627 479 743 516 fidem
762 480 842 528 regi
863 486 904 516 ut
924 480 1096 525 domino,
1117 479 1176 516 vel
1205 485 1352 516 careret
1372 479 1438 515 tali
1461 479 1564 527 regis
1590 477 1795 515 beneficio.

174 555 263 572 swear
276 546 431 579 allegiance

173 580 335 613 personally
347 586 376 606 to
396 580 444 606 the

176 613 410 673 ᾗέἳξᾎξὲὲξζξε
457 620 617 666 decime,
635 621 713 658 sive
733 621 807 658 alia
825 621 971 666 iocalia,
989 633 1078 660 cum
1099 621 1145 657 sit
1165 620 1347 658 dominus
1367 620 1541 669 corporis
1557 619 1795 657 clericorum.

457 549 561 587 Nam
582 551 757 588 omnium
777 551 1051 599 temporalium
1081 551 1191 599 regni
1220 556 1278 587 est
1307 562 1373 586 rex
1406 550 1599 595 dominus,
1622 549 1698 586 sive
1720 549 1796 585 sint

175 709 265 768 1fthg
278 718 400 768 revfienue
413 708 443 734 of
461 691 560 728 Item
598 692 630 728 si
663 692 809 729 alienus
843 693 1051 741 episcopus
1089 690 1246 740 posset1
1280 691 1378 728 licite
1417 696 1648 739 proventum
1687 689 1798 726 unius

174 751 229 768 one
262 752 313 768 ene
337 752 367 768 CC
379 751 425 767 ma

176 776 211 835 ξε
225 776 368 835 ῥεειωζεᾱ
379 751 633 834 ἳηγὺεηθῇοἰί
665 763 915 799 ecclesiastici
949 770 1191 812 extorquere,
1224 762 1386 799 ditando
1425 774 1546 810 regno
1577 760 1731 797 inutiles
1762 766 1800 797 et

189 819 285 842 Ofelgss
298 819 315 835 a
336 819 382 835 Sel]
398 818 445 834 ees

176 843 446 908 {lifbfflssfflssessssgy
458 840 816 883 quantumcumque
831 833 1031 879 inhabiles,
1049 846 1138 870 cum
1159 845 1240 871 non
1257 833 1302 870 sit
1318 833 1541 870 instandum
1558 832 1597 868 in
1617 843 1696 868 uno
1713 831 1800 880 plus

176 909 448 969 ffgtlssrssffifagrjrffiiffi
460 916 578 954 quam
608 905 648 941 in
679 905 828 954 reliquo
858 904 1005 942 videtur
1038 904 1146 954 quod
1180 904 1310 941 liceret
1341 904 1411 940 sibi
1440 903 1606 940 alienare
1632 902 1799 939 fructum

177 976 450 1036 {grffiffigggffciffissgn
462 976 739 1025 cuiuscumque
768 976 946 1013 beneficii
984 976 1232 1013 ecclesiastici
1260 975 1371 1023 regni
1400 974 1522 1012 nostri
1562 972 1798 1011 conferendo
1814 985 1855 1007 10

177 1044 209 1070 0f
219 1044 267 1070 the
280 1044 427 1077 kingdom.
462 1047 693 1095 cuicumque
710 1046 867 1084 inimico
883 1046 942 1083 vel
959 1046 1117 1083 inhabili
1133 1053 1174 1083 ut
1190 1046 1261 1083 sibi
1276 1045 1469 1095 placuerit.
1511 1044 1586 1082 Sed
1602 1043 1801 1094 quomodo

460 1124 577 1155 staret
590 1129 753 1167 regnum
767 1118 797 1154 si
811 1129 948 1155 omnes
962 1117 1218 1167 episcopatus,
1228 1128 1364 1154 omnes
1378 1117 1541 1153 abbatus
1554 1121 1591 1152 et
1603 1115 1804 1164 prioratus,

460 1201 598 1226 omnes
618 1188 827 1238 prebende,
847 1200 985 1226 omnes
1006 1189 1165 1226 rectorie
1182 1188 1241 1225 vel
1261 1187 1498 1236 hospitilarie
1513 1186 1655 1235 Anglie
1675 1191 1804 1223 essent

458 1259 640 1296 translate
660 1259 710 1296 ad
730 1259 970 1308 alienigenas
996 1259 1202 1296 inimicos?
1261 1258 1412 1295 Revera
1442 1257 1586 1294 nedum
1614 1256 1801 1293 medietas

459 1330 732 1379 temporalium
761 1331 871 1379 regni
900 1331 1037 1375 nostri,
1058 1330 1137 1374 sed,
1159 1330 1265 1379 quod
1294 1329 1446 1379 gravius
1470 1334 1536 1374 est,
1559 1334 1798 1365 crementum
1815 1335 1853 1366 15

460 1401 694 1438 naturalium
732 1401 1018 1450 temporalium,
1058 1413 1214 1439 necnon
1252 1407 1290 1438 et
1329 1399 1523 1449 spirituale
1563 1398 1801 1446 suffragium,

183 1480 210 1505 It
223 1479 246 1505 is
259 1478 343 1504 much
362 1478 454 1504 better
465 1472 563 1510 foret
584 1486 606 1510 a
626 1485 747 1522 regno
777 1474 958 1510 ablatum.
1019 1472 1094 1510 Sed
1126 1473 1243 1521 longe
1274 1471 1412 1508 melius
1444 1477 1499 1507 est
1531 1469 1638 1519 quod
1668 1482 1736 1506 rex
1767 1476 1804 1506 et

181 1514 243 1538 that
257 1513 304 1538 the
319 1511 375 1538 Kin

181 1546 284 1572 should
295 1521 408 1578 depriffe
466 1556 631 1594 regnum
652 1545 813 1581 aufferat
833 1545 983 1581 bonum
1003 1556 1115 1581 suum
1136 1543 1243 1592 quod
1264 1542 1430 1591 spoliant
1450 1548 1530 1578 tam
1550 1540 1806 1590 multipliciter

181 1580 353 1605 themofthe
402 1588 418 1605 0
446 1588 452 1592 “

182 1614 250 1646 they
263 1589 399 1640 miSUSego
420 1579 454 1606 db
466 1616 773 1665 depauperantes
792 1613 806 1633 ²
854 1628 1028 1665 regnum,
1083 1615 1171 1664 quia
1219 1614 1327 1651 aliter
1380 1613 1595 1650 secundum
1648 1613 1805 1649 beatum

463 1687 734 1724 Bernhardurn
773 1686 871 1724 foret
909 1699 977 1724 rex
1016 1687 1150 1723 similis
1193 1697 1324 1734 symee
1364 1697 1477 1734 super
1521 1690 1675 1730 tectum,
1715 1683 1806 1732 quia
1821 1700 1860 1722 20

464 1759 644 1796 deficeret
665 1771 713 1796 ex
734 1771 825 1796 ceca
855 1758 1104 1796 similitudine
1131 1770 1153 1794 a
1178 1757 1364 1806 precipuo
1384 1756 1569 1805 regimine
1599 1755 1708 1804 regni
1737 1755 1806 1792 sui.

467 1829 544 1867 Sed
576 1837 728 1880 oportet
761 1830 923 1867 omnino
950 1841 1086 1878 aspere
1121 1829 1330 1876 castigetur
1360 1827 1595 1877 quicumque
1627 1826 1809 1874 indigena

464 1902 588 1939 taliter
619 1902 751 1942 alienis
779 1914 802 1938 a
830 1901 905 1938 fide
936 1906 973 1938 et
1002 1900 1186 1949 religione
1217 1899 1471 1937 consenciens
1491 1898 1551 1935 vel
1581 1908 1809 1947 procurans.

466 1973 595 2012 Debet
615 1973 718 2010 enim
738 1986 806 2010 rex
827 1973 903 2010 suis
922 1972 1032 2021 legiis
1052 1978 1093 2008 ut
1112 1977 1251 2008 vacent
1278 1970 1523 2007 edificatoriis
1544 1969 1652 2018 regni
1673 1968 1807 2006 officiis

467 2052 504 2083 et
535 2045 727 2081 dimittant
757 2051 836 2081 tam
868 2043 1119 2093 peregrinum
1151 2042 1332 2087 officium,
1355 2039 1546 2078 cassando
1580 2046 1804 2089 preceptum
1820 2050 1857 2081 25

467 2117 592 2154 eciam
621 2128 722 2165 pape
742 2115 964 2152 mandantis
992 2113 1228 2163 oppositum,
1250 2113 1339 2162 quia
1367 2113 1407 2149 in
1436 2112 1509 2149 hiis
1540 2111 1655 2148 debet
1684 2110 1807 2159 legius

188 2193 251 2220 Itis
265 2202 435 2226 nousepre-
472 2188 573 2236 regis
596 2187 681 2236 plus
709 2187 781 2224 sibi
811 2186 970 2223 obedire
999 2197 1116 2234 quam
1146 2196 1258 2233 pape,
1279 2190 1322 2220 ut
1344 2189 1449 2232 patet
1470 2195 1518 2219 ex
1540 2182 1665 2220 dictis.
1723 2181 1808 2218 Nec

187 2228 307 2260 tending
319 2228 382 2253 that
394 2228 443 2252 the

187 2261 447 2321 ῒῑὲἴιῖῑὲἑξῐὲὲξδοξοᾶ
474 2259 574 2296 valet
594 2258 742 2307 fingere
769 2257 875 2307 quod
903 2256 1110 2294 translacio
1139 2267 1351 2304 paucorum
1371 2254 1649 2292 beneficiorum
1668 2252 1810 2301 Anglie

188 2328 399 2393 {Ogffffigjgstisse
470 2342 551 2367 non
567 2335 735 2374 noceret,
752 2328 878 2377 primo
894 2327 984 2377 quia
1001 2327 1031 2363 si
1046 2326 1173 2364 totalis
1188 2325 1393 2362 translacio
1414 2330 1554 2361 noceat
1569 2324 1809 2373 aliquantum

189 2395 423 2456 {ffigfpffifflhe
470 2401 598 2438 minor
635 2399 841 2437 translacio
879 2398 1033 2436 nocebit
1071 2396 1457 2446 proporcionabiliter
1497 2394 1678 2444 spoliatis.
1739 2393 1805 2430 Se-
1820 2402 1862 2432 30

473 2471 613 2518 cundo,
639 2483 727 2508 cum
747 2475 852 2507 tanta
878 2469 1026 2506 iusticia
1051 2475 1124 2505 stat
1143 2468 1183 2504 in
1203 2467 1366 2504 minimo
1394 2468 1498 2504 bono
1528 2472 1569 2502 ut
1597 2465 1769 2502 maximo
1782 2464 1808 2511 ³,

473 2549 578 2593 patet
607 2541 739 2591 qu0d4
765 2553 812 2578 ex
834 2540 1090 2578 translacione
1118 2539 1382 2587 cuiuscunque
1403 2536 1577 2574 beneficii
1607 2536 1813 2573 solveretur

472 2613 682 2664 proditorie
712 2612 862 2649 iusticia
892 2610 1023 2661 quoad
1053 2610 1180 2647 deum.
1236 2609 1287 2646 Et
1308 2608 1425 2645 tercio
1454 2607 1555 2645 idem
1581 2606 1679 2644 foret
1709 2606 1812 2643 flecti

473 2686 511 2721 in
531 2683 781 2722 observancia
801 2682 891 2719 iuris
911 2681 1030 2719 nostri
1051 2680 1181 2731 quoad
1201 2680 1405 2716 minimum
1426 2684 1462 2716 et
1482 2678 1620 2715 cedere
1635 2677 1810 2714 hostibus

473 2763 513 2792 ut
541 2755 681 2792 faciant
711 2754 886 2791 fissuram
909 2751 927 2771 '¹‘
949 2752 1162 2789 maximam
1183 2752 1221 2788 in
1242 2762 1438 2799 processu.
1497 2748 1678 2797 Arguunt
1705 2747 1810 2784 enim
1823 2752 1868 2780 35
1886 2760 1916 2781 c.

520 2837 526 2855 ¹
555 2842 671 2879 potest,
690 2845 719 2868 B.
794 2835 806 2853 ²
829 2836 1066 2876 depauperans,
1084 2842 1117 2864 Α.
1195 2833 1205 2850 ³
1230 2832 1381 2870 maxime,
1400 2839 1429 2861 Β.
1505 2830 1515 2847 ¹
1541 2830 1639 2870 quod,
1653 2840 1714 2860 om.
1734 2836 1763 2859 B.
