2051 3299
189 181 269 232 258
894 190 957 220 DE
990 189 1181 221 oFFrcro
1213 188 1370 221 REGIS.

463 293 863 343 animas1-antequam
892 294 1155 344 desponsetur,
1177 300 1218 331 ut
1248 300 1351 343 patet
1379 293 1426 331 de
1457 292 1640 332 Cornelio
1669 299 1706 332 et
1735 294 1787 332 sic

461 367 508 404 de
529 365 695 403 diabolo.
752 365 803 402 Et
824 366 998 415 quamvis
1018 365 1143 403 David
1173 372 1303 403 noster
1324 371 1472 414 septem
1493 377 1635 403 uxores
1655 365 1788 402 habuit
1801 367 1845 403 Q.

459 449 507 474 ex
528 437 666 486 quibus
686 436 783 474 filios
803 436 1030 485 procreavit,
1051 442 1092 473 ut
1116 436 1369 486 prophetatur
1389 435 1550 474 Yesaias
1569 436 1620 473 iiii
1640 436 1785 485 Appre-
1798 436 1842 469 Is.
1859 437 1901 469 iv.
1922 446 1949 469 1.

457 509 609 546 hendent
632 511 759 557 septem
789 509 956 544 mulieres
976 508 1100 544 virum
1124 520 1248 553 unum,
1269 514 1400 544 tamen
1420 520 1467 544 ex
1488 506 1687 554 Betsabee,
1708 519 1784 556 que

176 583 421 651 {pffixgxgreiaacgge
455 579 721 627 interpretatur
755 578 830 615 filia
856 578 1033 627 potentis,
1061 578 1191 627 genuit
1222 577 1482 623 Salomonem,
1505 578 1570 626 qui
1597 578 1815 627 interpre-5

176 652 283 712 {sslitgssg
295 653 365 680 from
378 654 434 681 this
455 656 554 687 tatur
584 661 650 686 rex
685 649 879 698 pacificus,
911 649 1000 698 quia
1033 649 1212 698 gentibus
1238 649 1409 697 undique
1436 648 1605 697 pacificis
1640 649 1679 685 in
1708 648 1782 686 fide

454 720 614 758 ecclesie
635 720 772 757 tributa
793 719 998 769 spiritualia
1019 732 1062 757 ac
1084 720 1292 757 ministeria
1313 719 1458 757 Cristus
1479 720 1527 757 ab
1546 720 1599 757 eis
1619 720 1779 769 accepit,

453 804 497 829 ac
529 791 714 840 templum
746 790 940 839 spirituale
971 802 1041 839 pro
1068 791 1363 840 quibuscunque
1388 789 1553 839 fugitivis
1574 790 1780 828 constituit.

453 861 554 899 Cum
575 868 703 899 autem
723 873 865 910 corpus
895 861 1088 899 misticum
1110 861 1222 899 Cristi
1252 861 1327 898 dici
1355 861 1495 911 poterit
1516 861 1598 910 ipse
1619 860 1777 907 Cristus,

450 939 529 970 tam
565 933 752 971 Salomon
782 944 900 982 quam
939 933 1035 970 filius
1068 933 1149 970 eius
1184 932 1378 979 Roboam,
1407 933 1473 981 qui
1511 933 1780 982 interpretatur
1795 942 1836 965 10

448 998 651 1042 multitudo
672 1003 817 1052 populi,
839 1004 913 1041 dici
934 1005 1071 1053 poterit
1092 1003 1240 1041 Cristus
1260 1003 1350 1052 quia
1368 1003 1447 1041 eius
1468 1002 1642 1041 ecclesia.
1702 1002 1778 1041 Sed

445 1086 533 1112 cum
563 1076 756 1112 multitudo
787 1078 834 1114 sit
872 1080 989 1114 mater
1022 1075 1253 1119 seducez'onzssc,
1284 1075 1455 1123 paucitas
1495 1080 1625 1111 autem
1665 1074 1775 1111 disci-
1788 1075 1959 1152 1Chrys-pst.

1738 1146 1745 1153 .
1803 1129 1852 1152 Oc.
1872 1130 1900 1151 Cl
1917 1144 1925 1152 .

439 1146 541 1194 ptine
569 1148 764 1195 magistra,
785 1147 970 1197 figuratur
1001 1145 1201 1195 quomodo
1233 1145 1395 1182 ecclesia
1421 1146 1460 1182 in
1491 1145 1625 1194 paucis
1646 1145 1774 1194 viguit,

444 1223 482 1255 et
507 1218 546 1254 in
573 1218 817 1256 sacerdotum
846 1230 892 1255 ac
925 1217 1058 1266 populi
1087 1215 1329 1255 multitudine
1364 1228 1442 1266 quo
1471 1215 1520 1253 ad
1546 1216 1773 1265 religionem

166 1292 321 1321 Solomon·s
334 1295 380 1322 old
445 1287 559 1326 Cristi
603 1288 778 1325 decrevit.
845 1288 952 1326 Nam
998 1288 1109 1325 sicud
1151 1292 1304 1336 tempore
1341 1288 1527 1324 senectutis
1564 1286 1773 1325 Salomonis
1789 1300 1828 1337 15

164 1336 181 1352 Ξ.
203 1336 217 1352 Ε
245 1337 251 1352 l

164 1336 212 1386 tffe
222 1329 622 1408 {fflgfflgpfpmmmk
660 1361 843 1397 excitavit
877 1360 1044 1396 dominus
1081 1358 1216 1395 satlzan
1253 1362 1381 1394 contra
1419 1371 1510 1403 eum,
1541 1364 1578 1395 et
1618 1357 1771 1399 detrun-

163 1394 211 1420 ὼε
224 1395 346 1423 Οὴωςὴ’
442 1430 540 1467 cavit
559 1430 755 1467 modicam
775 1436 924 1479 partem
943 1429 1061 1478 regni,
1083 1429 1136 1466 sic
1166 1440 1288 1477 prope
1318 1428 1436 1464 finem
1463 1428 1582 1477 partis
1610 1428 1771 1467 ecclesie

440 1500 598 1537 viventis
632 1500 932 1550 exproprietarie
966 1499 1116 1537 abscisa
1146 1505 1202 1536 est
1231 1498 1271 1535 in
1305 1504 1411 1547 parte
1445 1510 1467 1535 a
1500 1498 1605 1536 clero
1636 1499 1769 1548 religio

152 1571 404 1637 ᾶξὲἓὲξῇῐῗξθτε-
440 1571 629 1608 cristiana.
698 1571 746 1608 Et
784 1571 882 1608 sicut
919 1577 1094 1619 tempore
1133 1568 1313 1607 Roboam
1352 1570 1539 1606 obicientis
1575 1571 1768 1607 consilium
1781 1567 1866 1599 Ibid.

157 1639 428 1704 ἕῙῗξὲΕῡὲξέζξῙὲὲξὸ
438 1643 621 1679 seniorum
655 1646 690 1678 et
716 1643 892 1690 sequentis
922 1642 1075 1678 consilia
1114 1642 1284 1677 iuvenum
1323 1644 1568 1677 coetaneorum
1605 1653 1766 1687 suorum,
1782 1637 1924 1712 ,ΙίὶίῙίζὶῐίἕὸ

152 1705 410 1767 ξξξζῑξξαξζψῑῐῃῑ·
440 1713 494 1749 ad
525 1713 676 1761 plenum
722 1714 923 1750 conscisum
966 1717 1019 1749 est
1062 1724 1216 1760 regnum
1260 1712 1313 1748 ita
1358 1715 1400 1748 ut
1441 1712 1556 1748 decem
1600 1712 1770 1749 tribubus
1785 1706 1851 1757 20'
1890 1692 1921 1723 δ’

427 1785 629 1832 proprium
655 1797 773 1832 regem
809 1783 880 1821 sibi
911 1783 1135 1820 facientibus
1174 1782 1241 1819 due
1269 1786 1410 1818 tantum
1424 1779 1438 1800 ²
1469 1783 1588 1819 tribus
1621 1795 1768 1819 reman-

434 1859 562 1891 serunt
588 1867 668 1891 cum
694 1854 873 1899 Roboam,
904 1855 958 1893 sic
980 1854 1143 1903 populus
1176 1854 1379 1889 cristianus
1413 1854 1589 1901 inprimis
1622 1854 1763 1902 quidem
1780 1861 1824 1891 R.

434 1925 515 1961 bene
567 1937 681 1973 agens
727 1929 975 1974 prosperatus
1026 1929 1080 1961 est
1130 1928 1172 1961 ut
1220 1923 1407 1969 Salomon,
1456 1924 1521 1960 sed
1557 1925 1771 1972 procedenti

432 2000 585 2044 tempore
617 2008 699 2032 cum
732 1998 880 2044 cepisset
910 2008 1037 2032 amare
1070 2007 1217 2031 carnem
1251 1998 1285 2030 et
1316 1994 1472 2043 propria
1499 1995 1613 2043 quasi
1634 1995 1763 2044 filiam
1781 2012 1819 2044 25

431 2067 661 2112 Pharaonis,
684 2066 878 2104 suscitavit
900 2065 1076 2103 diabolus
1098 2071 1233 2102 contra
1253 2064 1455 2102 ecclesiam
1479 2066 1653 2114 spiritum
1673 2067 1763 2103 scis-

432 2139 542 2174 matis
563 2137 672 2174 etsie
696 2137 735 2174 in
767 2137 979 2174 novissimo
1011 2142 1188 2184 tempore
1217 2135 1350 2184 populi
1384 2135 1563 2182 cristiani,
1584 2137 1693 2185 quasi
1723 2137 1764 2173 in

151 2208 393 2275 3250}ssssng
433 2214 607 2256 tempore
621 2207 814 2252 Roboam,
829 2206 1076 2244 habundante
1090 2206 1299 2254 iniquitate,
1314 2204 1581 2254 refrigescente
1595 2207 1761 2253 caritate,

151 2275 315 2336 gffu{{f}¹l{ss¹ss
328 2277 418 2303 Osthe
430 2278 564 2327 plenus
594 2290 806 2315 concussus
836 2284 892 2315 est
920 2276 1086 2327 populus
1116 2277 1328 2322 cristianus,
1350 2277 1401 2313 ita
1420 2283 1462 2314 ut
1481 2277 1652 2314 maxima
1671 2289 1761 2327 pars

429 2349 696 2386 cristianorum
704 2348 892 2386 dividatur
904 2349 942 2387 in
950 2348 1115 2393 hereses,
1125 2346 1271 2384 faciens
1284 2347 1354 2384 sibi
1367 2347 1543 2396 proprios
1556 2348 1758 2397 episcopos
1772 2363 1814 2395 30

427 2419 535 2468 quasi
551 2420 728 2468 proprios
744 2431 865 2468 reges,
883 2425 920 2456 et
940 2419 1001 2455 vix
1022 2417 1243 2467 paucissimi
1259 2418 1426 2455 cristiani
1447 2419 1698 2456 remanebunt
1718 2419 1757 2456 in

426 2490 588 2527 ecclesia
602 2490 672 2526 sub
689 2489 827 2527 Cristo.
859 2488 978 2526 Cuius
994 2500 1110 2526 causa
1125 2495 1182 2525 est
1198 2488 1287 2537 quia
1301 2488 1483 2537 episcopi,
1500 2488 1756 2537 relinquentes

425 2560 585 2599 consilia
598 2560 792 2598 seniorum
808 2559 1074 2608 apostolorum
1089 2566 1127 2596 et
1141 2557 1413 2607 prophetarum
1426 2559 1637 2596 secundum
1650 2559 1756 2608 quod

424 2631 611 2668 consiliati
643 2636 731 2667 sunt
763 2631 968 2679 episcopos
1000 2629 1216 2668 conversari
1249 2629 1387 2667 debere
1418 2636 1455 2666 et
1488 2630 1753 2679 episcopatum

425 2714 537 2739 suum
568 2707 739 2747 tractare,
765 2707 947 2738 secuntur
977 2700 1135 2738 consilia
1167 2706 1438 2738 coetaneorum
1471 2711 1628 2737 suorum
1650 2698 1683 2747 *,
1714 2700 1923 2739 idF01.1⁷6
1937 2714 1969 2738 a.

531 2779 542 2797 ¹
567 2779 681 2811 amieis
690 2783 754 2820 pro
771 2778 905 2817 animas,
926 2786 959 2811 A.
1221 2776 1233 2794 ²
1255 2781 1364 2808 tamen
1378 2781 1437 2819 pro
1453 2781 1593 2814 tantum,
1611 2786 1644 2809 Α.
