2051 3299
166 181 247 233 198
871 186 937 219 DE
968 185 1165 219 OFFICIO
1197 185 1353 218 REGIS.

445 293 721 339 auctoritatem,
757 298 794 329 et
829 304 852 329 a
883 291 1011 329 multis
1039 297 1194 341 propter
1225 303 1359 329 eorum
1388 290 1693 340 imprudenciam
1714 291 1772 329 vel

446 364 674 402 abusionem
693 368 845 400 revocat
864 368 1106 411 potestatem.

167 445 229 470 The
241 442 403 476 powerand
506 434 581 471 Sed
600 433 748 471 videtur
768 432 892 470 adhuc
916 432 1022 481 quod
1047 439 1216 481 potestas
1236 438 1273 469 et
1294 438 1411 469 status
1440 431 1538 481 regis
1569 432 1615 469 sit
1644 431 1777 480 pocior
1789 441 1827 471 c.

168 478 312 504 condition
326 477 385 502 osa

170 512 249 544 King
262 520 310 536 are
323 515 435 549 greater
449 506 538 555 quia
572 504 757 542 execucio
795 504 940 541 iusticie
979 515 1045 540 sue
1084 510 1141 540 est
1170 503 1376 541 extensior.
1433 503 1484 540 Et
1514 503 1693 541 Proverb.
1727 515 1772 539 21
1789 507 1883 539 Prov.
1902 507 1968 537 xxi.

170 546 289 571 because
303 545 348 570 his
373 553 417 569 us-

170 579 225 605 tice
238 579 289 604 ¹12⁵
301 588 318 604 ἃ
330 553 417 603 wider
450 576 605 614 dicitur:
626 574 813 611 Iudicium
826 579 860 611 et
876 574 1165 611 misericordiam
1163 571 1316 624 facere1
1334 574 1456 622 magis
1461 574 1587 622 placet
1595 574 1655 610 deo
1667 586 1778 622 quam
1792 560 1821 591 3⁸

171 621 259 645 μνᾶν.
450 648 603 684 victime.
692 645 741 682 Et
787 645 890 682 idem
937 650 1041 693 patet
1090 644 1177 682 Isai.
1222 651 1288 691 103
1345 650 1382 681 et
1428 643 1517 682 hinc
1568 643 1781 681 secundum
1792 643 1835 675 Is·
1852 642 1873 673 i.
1894 647 1944 681 17-

452 718 733 756 Crisostomum
760 715 885 753 David
911 715 1137 764 preponitur
1168 715 1305 752 Matth.
1338 721 1389 751 10.
1446 715 1706 752 Confirmatur
1734 726 1783 752 ex

452 790 526 827 hoc
561 788 669 838 quod
699 794 818 825 status
853 786 953 835 regis
985 793 1042 823 est
1072 786 1332 835 periculosior,
1362 786 1449 824 ideo
1482 786 1564 824 eius
1592 785 1784 835 perfeccio

452 860 599 897 videtur
619 858 846 904 meritorior‚
868 858 972 894 iuxta
994 857 1085 894 illud
1105 857 1208 894 Eccl.
1233 863 1304 905 31⁰
1328 857 1406 903 Qui
1421 858 1546 906 poluit
1572 856 1926 905 transgredz‘Ecclus.

453 935 487 967 el
510 943 581 967 non
601 934 652 966 est
668 934 936 977 transgressus,
958 932 992 964 el
993 928 1128 978 facere
1147 929 1249 964 mala
1268 932 1302 965 et
1318 941 1389 965 non
1393 928 1504 977 ficit,
1527 928 1602 964 ideo
1621 927 1785 964 stabilita
1797 914 1882 978 {⁰1⁰⁰
1902 911 1953 940 ω’

176 1009 441 1078 Ξὲῐὲξῇίἓεὲῑὲἃέῒηά
454 1006 542 1039 sunt
568 1001 659 1038 bona
690 1001 792 1036 illius
821 1000 860 1036 z‘n
888 1000 1043 1036 domino.
1101 998 1179 1036 Hic
1200 999 1335 1036 dicitur
1355 999 1460 1048 quod
1480 999 1566 1048 plus
1587 1004 1644 1036 est
1663 997 1787 1034 facere

177 1079 427 1140 {ssssssggrgffiffttff
455 1071 758 1110 misericordiam
785 1078 822 1108 et
853 1070 1047 1107 Iusticiam
1078 1081 1196 1118 quarn
1225 1070 1482 1107 ministerium
1511 1067 1788 1107 sacramentale

456 1144 660 1194 pontificis,
681 1143 733 1180 sic
754 1141 859 1191 quod
879 1153 959 1178 non
980 1141 1018 1177 in
1038 1140 1103 1178 illo
1124 1146 1198 1178 stat
1227 1140 1317 1177 cleri
1345 1140 1632 1189 preeminencia
1660 1138 1728 1176 sed
1750 1138 1789 1174 in

457 1216 639 1265 operibus
659 1212 931 1258 misericordie,
952 1212 1114 1249 vivendo
1139 1211 1264 1249 Cristo
1295 1211 1532 1249 conformius
1553 1211 1593 1247 in
1612 1209 1790 1259 ampliori

458 1286 615 1332 iusticia,
647 1284 752 1335 quod
791 1284 905 1321 debet
938 1289 1157 1331 competere
1191 1283 1331 1320 clerieo
1367 1295 1480 1332 supra
1513 1294 1655 1332 regem.
1714 1279 1791 1318 Sed
1806 1290 1844 1322 15

459 1357 616 1395 ulterius
646 1355 862 1393 notandum
895 1354 1011 1403 quod,
1033 1353 1120 1391 licet
1149 1366 1217 1391 rex
1248 1354 1507 1391 auctoritative
1537 1353 1624 1390 facit
1652 1363 1791 1390 execu-

463 1429 616 1466 cionem
637 1426 783 1464 iusticie
800 1438 870 1475 per
885 1430 1010 1462 totum
1026 1437 1200 1473 regnum,
1218 1425 1415 1462 extensius
1430 1423 1448 1443 ²²<
1464 1431 1595 1462 tamen
1609 1435 1727 1474 quam
1740 1423 1793 1460 sic
1805 1429 1850 1458 41
1866 1428 1900 1457 d.

467 1500 555 1537 facit
584 1499 682 1536 filius
713 1497 822 1547 regni
853 1496 1042 1533 iusticiam
1072 1496 1338 1534 absconditam
1367 1508 1483 1545 supra
1501 1495 1648 1545 regiam
1667 1501 1794 1544 potes—

467 1578 597 1609 tatem.
664 1570 714 1607 Et
751 1569 806 1607 sic
844 1580 990 1617 pauper
1030 1568 1177 1606 mundo
1214 1568 1433 1617 incognitus
1471 1567 1665 1605 extensius
1706 1565 1795 1603 facit

465 1643 652 1680 iusticiam
688 1653 805 1691 quam
839 1641 909 1678 iste
948 1652 1051 1689 papa
1084 1639 1190 1677 cuius
1224 1645 1395 1688 potestas
1420 1651 1497 1689 quo
1527 1638 1577 1675 ad
1604 1637 1793 1674 mundum
1809 1654 1849 1676 20

468 1721 656 1764 quantum
674 1713 767 1750 libet
797 1711 1042 1756 declametur,
1062 1717 1103 1748 ut
1133 1717 1237 1759 patet
1261 1710 1310 1748 di.
1342 1710 1392 1747 xl.
1450 1708 1502 1747 Sz‘
1518 1715 1633 1758 papa.
1689 1708 1794 1746 Con·
1807 1716 1938 1747 Decret.

469 1786 616 1823 ceditur
636 1785 749 1834 igitur
769 1783 875 1833 quod
894 1795 960 1820 rex
980 1782 1096 1819 habet
1123 1782 1318 1819 racionem
1346 1780 1518 1818 merendi
1547 1778 1798 1828 multiplicem

465 1857 652 1906 episcopo
710 1855 948 1904 ampliorem,
995 1853 1192 1903 potissime
1250 1852 1339 1901 quia
1384 1851 1501 1889 habet
1547 1850 1796 1888 occasionem

467 1928 658 1966 meritorie
692 1925 850 1976 regendi
887 1931 924 1962 et
960 1924 1204 1974 multiplicius
1239 1923 1471 1961 demerendi.
1528 1921 1614 1959 Nec
1642 1934 1690 1959 ex
1721 1921 1796 1959 hoc

468 1999 637 2049 sequitur
661 1998 765 2048 quod
798 2003 920 2034 status
952 1996 997 2034 sit
1027 1996 1237 2046 perfeccior
1268 1996 1299 2033 si
1329 1995 1475 2040 evadat,
1494 1995 1585 2045 quia
1606 1994 1658 2032 sic
1678 1999 1798 2031 status
1811 2012 1851 2045 25

468 2070 738 2120 peccatoribus
775 2068 1035 2106 mundialibus
1075 2067 1261 2116 implicati
1298 2066 1395 2104 foret
1442 2066 1652 2116 perfeccior
1698 2070 1799 2102 statu

471 2142 696 2192 apostolico.
751 2141 803 2178 Et
824 2153 871 2178 ex
892 2140 971 2177 istis
984 2138 998 2158 2
1017 2139 1206 2187 colligitur
1236 2137 1341 2187 quod
1369 2144 1531 2187 peccant
1552 2136 1714 2186 graviter
1735 2134 1801 2184 qui

472 2214 589 2264 gratis
621 2212 844 2250 difficultant
875 2217 1014 2248 statum
1040 2222 1153 2248 suum
1182 2209 1232 2246 ad
1263 2209 1442 2246 meritum
1468 2208 1563 2246 ultra
1591 2207 1666 2245 hoc
1695 2205 1801 2256 quod

473 2285 568 2323 deus
588 2284 757 2329 instituit,
778 2283 868 2333 quia
897 2282 970 2320 hoc
991 2287 1048 2319 est
1067 2280 1263 2330 quoddam
1284 2292 1406 2329 genus
1435 2278 1647 2328 temptandi
1672 2277 1797 2322 deum,

474 2357 571 2394 sicut
589 2355 735 2393 videtur
755 2354 878 2392 facere
897 2353 1023 2391 clerici
1044 2351 1213 2401 negociis
1233 2351 1466 2389 secularibus
1486 2349 1655 2388 involuti.
1815 2365 1856 2396 30

198 2441 337 2468 Asecond
359 2440 450 2472 objec-
530 2426 712 2465 Secundo
750 2425 914 2463 obicitur
955 2423 1194 2462 contradicta
1242 2422 1290 2460 de
1337 2422 1495 2460 homine
1541 2420 1642 2469 legio
1689 2418 1801 2468 regis,

198 2476 256 2502 tion
270 2475 293 2501 is
306 2474 390 2500 taken
404 2483 435 2500 as

198 2515 231 2570 g}
241 2509 289 2568 {iffi
300 2516 464 2574 ἔξέιέἓηεεε
477 2498 583 2548 quod
613 2510 684 2535 nec
717 2496 943 2534 describitur
977 2507 1049 2532 nec
1088 2494 1250 2532 docetur
1280 2499 1467 2543 quantum
1506 2491 1553 2529 de
1588 2490 1666 2528 suis
1700 2489 1803 2528 subi-

201 2576 263 2601 ‘the
278 2575 378 2607 King's
481 2569 579 2607 citur
609 2569 708 2618 regis
747 2567 931 2605 dominio.
987 2565 1065 2603 Hic
1096 2564 1243 2602 videtur
1272 2563 1366 2600 mihi
1397 2562 1503 2612 quod
1534 2562 1655 2599 homo
1683 2560 1805 2610 legius

198 2608 358 2642 liegeman.'

202 2658 466 2689 Itakeitthatany-
482 2641 582 2691 regis
611 2646 739 2690 potest
770 2639 843 2676 dici
874 2638 1106 2688 quicumque
1136 2636 1256 2675 homo
1287 2635 1387 2684 regis
1419 2634 1482 2684 qui
1514 2632 1697 2671 subicitur
1728 2631 1804 2681 legi

200 2702 254 2753 ῗιῗξ
260 2692 367 2758 ῗῗὲἒὲ
376 2691 466 2757 61ῗέξέ
479 2712 590 2763 regis,
612 2712 664 2749 sic
694 2710 800 2761 quod
828 2710 899 2747 ista
928 2721 1008 2746 non
1037 2713 1294 2745 consecuntur
1322 2718 1374 2751 se,
1400 2705 1519 2742 homo
1549 2704 1672 2754 legius
1700 2702 1799 2752 regis
1813 2718 1852 2751 35

697 2792 708 2810 1
733 2792 812 2823 Fac.
829 2791 895 2823 iud.
912 2795 943 2822 et
960 2791 1042 2826 miz..
1058 2789 1125 2821 ord.
1143 2789 1212 2821 inv.
1230 2796 1260 2819 Β.
1430 2786 1442 2804 2
1464 2786 1539 2825 isto,
1557 2792 1588 2817 Β.

1808 1768 1845 1792 D.
1858 1766 1917 1790 XL.
1935 1768 1962 1790 c.
1979 1757 2013 1789 6.
