2051 3299
180 207 261 248 268
892 217 956 248 DE
989 216 1183 249 OFFICIO
1216 218 1372 249 REGIS.

456 321 598 358 dictam
634 332 702 369 per
737 320 906 369 gladium
946 328 1032 358 sunt
1073 321 1252 358 contrarii
1289 321 1392 358 scole
1427 333 1506 358 sue.
1565 322 1654 371 Ipse
1689 321 1793 359 enim

456 392 571 440 gratis
588 392 736 428 sustulit
758 392 980 440 passionem
998 392 1064 428 ubi
1084 391 1259 429 facillime
1280 392 1403 441 potuit
1423 392 1552 430 hostes
1569 404 1659 430 suos
1673 392 1792 429 vindi-

456 463 583 500 cando
626 463 883 508 substernere,
916 469 958 500 ut
996 468 1101 511 patet
1138 462 1222 499 Iob.
1261 464 1330 507 183
1373 475 1506 511 ymmo
1547 469 1587 500 ut
1627 470 1792 500 mortem
1807 462 1989 502 Joh.xviii.

456 533 605 582 peccati
626 532 818 570 occideret
838 539 875 570 et
901 545 1039 581 pacem
1061 533 1290 570 innocencie
1312 534 1424 570 nobis
1451 533 1654 570 redimeret
1673 532 1793 582 passi·
1809 505 1858 545 36⁸

456 604 572 641 bilem
608 609 787 640 naturam
828 610 1002 640 nostram
1041 603 1175 650 induit,
1216 603 1412 652 triumpho
1454 603 1555 641 hosti
1596 604 1826 652 incognito5

456 674 658 723 superavit.
730 673 896 723 Oportet
936 674 1040 710 enim
1079 681 1259 710 naturam
1298 686 1373 723 que
1425 674 1599 723 peccavit
1632 674 1710 722 pati
1745 686 1793 710 ex

454 752 560 782 tanta
600 744 813 781 humilitate
850 757 898 781 ex
939 750 1083 793 quanta
1122 745 1301 793 superbia
1340 745 1597 794 presumptive
1641 744 1793 794 agendo

457 815 594 853 cecidit
610 815 633 861 1,
667 827 756 851 cum
795 820 948 863 oportet
995 814 1100 863 quod
1138 815 1327 851 contraria
1358 822 1538 852 curentur
1580 814 1793 860 contrariis,

457 886 552 923 Ideo
575 886 721 923 Cristus
754 884 823 921 fuit
857 897 1006 922 summe
1046 885 1219 934 paciens,
1250 885 1414 932 humilis,
1450 892 1564 935 atque
1598 885 1794 931 obediens,

176 963 266 990 Third
279 968 427 996 argument
457 963 499 994 ut
518 963 622 1006 patet
643 955 783 992 Matth.
804 956 867 992 xii.
923 955 1067 992 Tercio
1093 956 1341 993 confirmatur
1367 969 1415 993 ex
1438 954 1456 975 *
1480 955 1683 1005 multiplici
1702 967 1794 993 con-
1809 953 1908 984 Matt.
1925 953 1980 984 xii·

175 998 247 1057 {33¹¹
249 998 290 1057 otfh
289 1006 428 1057 {1¹13ssssan
459 1028 543 1066 silio
573 1025 698 1072 Cristi,
729 1025 835 1075 quod
864 1038 944 1062 non
976 1026 1063 1063 licet
1094 1038 1288 1076 spernere.
1346 1026 1450 1064 Nam
1482 1026 1619 1065 Matth.
1640 1032 1684 1062 v0
1710 1037 1796 1075 pre-
1808 999 1942 1071 ffagssv.
1960 1049 2010 1081 39,
2049 1034 2051 1068 3

178 1065 262 1091 Mau·
279 1074 306 1091 v.
321 1074 360 1098 39⁶
457 1098 637 1148 cipiendo
658 1096 822 1134 consulit
843 1095 895 1133 Sz'
908 1098 991 1145 quis
1011 1101 1041 1133 le
1062 1098 1100 1133 z'n
1117 1098 1308 1135 dexteram
1331 1099 1533 1135 maxillam
1556 1095 1574 1115 *
1588 1097 1798 1146 peremerit
1811 1102 1890 1131 E'ol.
1901 1103 1968 1133 178
1982 1103 2014 1131 b.

448 1170 561 1220 prebe
590 1170 625 1205 ez'
653 1172 686 1205 et
715 1168 883 1207 alteram.
941 1167 1060 1213 Quod
1089 1168 1138 1205 ad
1170 1180 1326 1206 sensum
1360 1169 1604 1214 catholicum,
1631 1175 1672 1204 ut
1701 1167 1794 1204 alias
2048 1176 2051 1206 l

456 1239 631 1289 exposui,
668 1251 715 1276 ex
751 1238 1020 1287 postillacione
1050 1239 1151 1276 beati
1185 1236 1406 1287 Augustini,
1440 1239 1585 1288 obligat
1620 1237 1794 1287 singulos

457 1311 670 1350 cristianos.
729 1309 840 1355 Quis,
862 1321 970 1359 rogo,
993 1309 1204 1348 excussus2
1228 1311 1276 1347 ab
1298 1310 1474 1348 hostibus
1494 1310 1532 1347 in
1553 1309 1667 1347 bonis
1687 1309 1792 1358 poci·
1811 1320 1848 1352 15

458 1383 598 1427 oribus,
621 1394 696 1430 que
723 1380 985 1429 intelliguntur
1013 1393 1081 1429 per
1106 1381 1302 1418 dexteram
1317 1381 1339 1428 ³,
1364 1394 1445 1418 non
1465 1381 1669 1418 dimitteret
1689 1381 1796 1420 bona

457 1453 585 1490 minus
620 1451 793 1497 valenda,
828 1463 903 1500 que
943 1451 1203 1500 intelliguntur
1236 1464 1304 1501 per
1342 1452 1545 1497 sinistram,
1586 1457 1794 1499 antequam

455 1522 685 1573 perdiderit4
706 1522 830 1571 magis
859 1522 988 1560 bona?
1046 1521 1145 1568 Quis
1174 1522 1330 1572 insuper
1351 1523 1499 1560 dubitat
1528 1522 1621 1571 quin
1645 1522 1794 1558 bonurn

454 1594 599 1631 virtutis
628 1593 673 1631 sit
699 1592 836 1629 melius
861 1604 978 1641 quam
1008 1593 1157 1630 bonum
1184 1600 1318 1630 nature
1348 1606 1531 1642 corporee
1551 1592 1610 1630 vel
1630 1592 1793 1635 fortune,

454 1672 490 1703 et
511 1665 731 1714 quicunque
760 1663 873 1713 plene
903 1664 1104 1701 servaverit
1133 1664 1225 1701 illud
1255 1664 1457 1701 consilium
1486 1676 1566 1701 non
1594 1668 1792 1712 pugnaret,
1810 1672 1849 1693 20

456 1736 546 1786 quia
572 1736 707 1785 pocius
733 1735 840 1772 daret
866 1734 1011 1783 palium
1039 1734 1215 1771 omniurn
1246 1734 1525 1784 temporalium,
1547 1745 1679 1783 ymmo
1705 1745 1792 1782 per-

455 1808 622 1844 mitteret
642 1806 802 1855 perdere
823 1805 958 1842 omnia
979 1817 1046 1842 sua
1067 1806 1306 1854 temporalia,
1331 1818 1370 1842 se
1395 1805 1546 1842 occidi?
1606 1803 1668 1841 Sic
1689 1803 1794 1841 enim

457 1878 545 1915 fecit
583 1877 730 1915 Cristus
769 1882 806 1913 et
845 1875 902 1912 sui
941 1876 1105 1924 apostoli
1138 1876 1261 1913 eciam
1296 1876 1454 1925 quando
1489 1881 1695 1925 potuerunt
1727 1886 1794 1924 per

456 1949 760 1998 prostracionem
789 1958 946 1983 suorum
971 1945 1138 1983 hostium
1167 1946 1326 1984 faciliter
1355 1947 1533 1993 evasisse,
1553 1952 1593 1983 ut
1614 1951 1719 1995 patet
1744 1944 1792 1981 de

175 2035 237 2060 The
248 2034 317 2072 neec}
333 2034 374 2060 for
454 2019 613 2056 Andrea
629 2024 666 2055 et
679 2018 772 2055 aliis.
803 2016 917 2054 Tolle
931 2017 1041 2065 igitur
1055 2017 1309 2055 affeccionem
1325 2017 1582 2054 inordinatam
1599 2017 1792 2054 bonorum
1808 2025 1846 2056 25

174 2068 413 2139 ῗῗῗῐξὲῖἕῑιιῗᾶῗὲῐῃ
458 2090 609 2127 fortune
629 2095 666 2126 et
686 2088 844 2125 honoris
858 2100 903 2125 ac
925 2087 1104 2124 secularis
1118 2087 1278 2125 dominii
1291 2094 1328 2125 et
1347 2100 1427 2125 non
1447 2087 1516 2125 erit
1532 2087 1794 2124 necessarium

175 2136 316 2162 affection.
457 2161 510 2198 sic
530 2171 729 2209 gwerrare.
790 2157 896 2195 Mala
917 2170 1010 2207 ergo
1030 2158 1158 2207 proles
1179 2170 1254 2208 que
1274 2159 1391 2207 exigit
1411 2158 1526 2195 talem
1546 2164 1720 2194 matrem.

177 2240 294 2267 Christ's
307 2241 410 2267 second
514 2229 736 2268 Secundum
754 2228 868 2266 Cristi
882 2228 1085 2265 consilium
1106 2235 1162 2266 est
1184 2229 1276 2266 illud
1291 2228 1397 2266 Luce
1416 2242 1462 2274 14
1482 2242 1488 2265 :
1520 2227 1570 2266 Sz'
1591 2229 1673 2276 quis
1697 2227 1797 2264 venit
1806 2229 1837 2260 Ι.
1938 2271 1944 2277 .

175 2275 298 2301 counsel.
456 2302 583 2345 adme,
601 2304 634 2336 el
650 2312 721 2336 non
745 2300 973 2348 odz'lpalrem
994 2311 1112 2345 suum,
1128 2304 1162 2335 el
1179 2304 1343 2345 matrem,
1361 2304 1394 2336 et
1404 2311 1571 2344 uxorem,
1587 2299 1745 2347 elfilz'os,
1764 2302 1797 2334 el
1807 2271 1898 2346 ἔξω
1914 2281 1979 2302 le'

438 2373 610 2421 fratres,
633 2375 666 2408 el
691 2383 846 2415 sorores,
867 2370 988 2406 adhuc
1016 2374 1134 2407 aulem
1166 2370 1221 2406 et5
1253 2371 1417 2407 animam
1444 2382 1562 2415 suam,
1585 2381 1655 2406 non
1676 2372 1796 2418 potest
1807 2378 1848 2408 30.

456 2456 528 2480 esse
557 2455 656 2479 meus
685 2442 898 2490 discipulus.
957 2440 1076 2486 Quod
1105 2440 1249 2477 dictum
1279 2441 1424 2478 videtur
1453 2453 1536 2477 esse
1566 2445 1791 2489 preceptum

456 2513 747 2557 strictissimum,
789 2524 878 2549 cum
916 2523 1034 2548 nemo
1073 2517 1202 2560 potest
1241 2510 1375 2548 salvari
1413 2511 1485 2548 nisi
1524 2510 1634 2547 fuerit
1677 2509 1790 2546 Cristi

458 2583 680 2632 discipulus,
721 2588 757 2619 et
789 2594 907 2619 nemo
942 2588 1068 2631 potest
1098 2593 1183 2619 esse
1213 2580 1326 2618 Cristi
1359 2580 1568 2629 discipulus
1612 2580 1684 2616 nisi
1719 2579 1791 2617 hec

457 2653 598 2700 fecerit,
635 2665 728 2701 ergo
765 2664 881 2690 nemo
923 2658 1049 2701 potest
1084 2651 1218 2689 salvari
1249 2651 1321 2688 nisi
1348 2651 1419 2688 hec
1447 2650 1587 2688 fecerit.
1646 2649 1792 2687 Contra

502 2750 510 2768 ³
538 2750 700 2786 ceciderit,
719 2758 751 2781 A.
880 2748 891 2765 ²
914 2759 1099 2786 concussus,
1118 2756 1148 2780 Β.
1276 2748 1287 2765 ³
1320 2749 1441 2780 Verba:
1467 2758 1523 2789 per
1547 2747 1714 2778 dexteram
1733 2771 1738 2777 .
1760 2771 1764 2777 .
1785 2770 1792 2776 .

459 2801 693 2842 intelliguntur,
713 2812 773 2833 om.
793 2810 824 2832 A.
915 2801 923 2817 ⁴
950 2801 1073 2841 perdidi
1093 2805 1156 2841 pro
1173 2800 1363 2841 perdiderit,
1381 2808 1414 2832 A.
1506 2800 1516 2816 ⁵
1541 2804 1582 2837 et,
1599 2809 1658 2829 om.
1678 2807 1711 2828 Α.
