2051 3299
697 252 762 282 DE
796 252 989 284 OFFICIO
1022 252 1177 284 REGIS.
1799 255 1848 297 17

34 374 50 396 2
65 365 150 396 Tim.
167 364 201 396 ii.
245 355 340 393 sicut
361 361 397 393 et
417 355 552 393 dicitur
572 355 606 392 ii.
629 355 785 393 Thimo.
811 363 862 393 20.
924 355 1029 393 Sicut
1049 362 1086 393 et
1112 368 1210 404 opus
1241 356 1302 393 dei
1324 357 1382 394 vel
1404 356 1573 396 hominis

33 417 83 439 ²⁰·
248 425 409 463 dicimus
438 437 521 463 esse
552 425 772 463 virtuosum.
828 426 879 462 Et
910 432 1013 475 patet
1047 426 1152 475 quod
1185 439 1294 475 reges
1324 427 1455 465 discoli
1486 434 1573 464 sunt
1587 437 1648 463 Bad
1662 437 1754 470 Kings
1768 443 1843 465 must

1587 472 1622 497 be
1635 472 1779 497 honoured
1793 481 1829 497 on

247 495 401 533 racione
429 495 653 541 honorandi,
688 496 813 545 primo
845 496 934 545 quia
969 502 1055 533 sunt
1089 502 1260 533 creature
1295 497 1505 534 racionales
1535 498 1574 534 in
1586 510 1645 563 {vg}
1656 506 1835 564 ggssugffssgal

1649 557 1655 568 ‚
1714 548 1726 563 r

247 567 387 615 quibus
407 566 549 603 nedum
569 566 713 603 relucet
733 566 933 614 vestigium
949 567 1015 603 sed
1035 578 1177 614 ymago
1192 567 1380 614 trinitatis,
1401 568 1573 605 secundo
1586 571 1853 636 gggffiriisggtonly

214 648 232 680 5
248 636 337 685 quia
365 636 506 673 habent
534 642 765 685 potestatem
793 636 846 673 eis
876 636 1054 674 collatam
1076 648 1098 673 a
1124 636 1198 673 deo
1225 637 1273 673 ad
1294 638 1572 685 proficiendum
1586 638 1635 696 3¹12
1647 637 1842 703 iiffigggfffife

246 718 314 743 sue
343 706 504 743 ecclesie
536 712 572 743 et
604 706 657 743 sic
688 706 737 743 ad
768 706 1024 743 adiuvandum
1064 706 1180 744 deum
1219 708 1454 755 potestative,
1488 709 1573 746 licet
1587 704 1851 770 121³ssssssssssssssssssss

245 782 435 826 potestate
474 788 542 813 sua
581 776 874 825 dampnabiliter
912 777 1126 813 abutantur.
1201 776 1308 814 Deus
1341 778 1454 827 igitur
1488 771 1837 830 esffssssvssfireffffiff‘tff}

245 847 502 895 multipliciter
530 846 780 884 honorandus
811 847 849 884 in
881 847 1031 894 talibus,
1054 853 1091 885 et
1113 847 1164 885 sic
1187 847 1250 894 illi,
1270 848 1356 885 licet
1376 838 1809 901 εφιίνοςθξξῧῗςξᾞῖξίώ

245 916 315 954 Est
335 917 438 954 enim
463 917 553 955 dare
583 929 701 954 unam
730 918 940 955 maneriem
969 918 1126 955 honoris
1156 919 1265 955 cuius
1287 919 1402 956 virtus
1432 931 1572 968 appro-
1586 904 1796 970 {¹1¹gefft1⁷{{}²³'¹¹⁵e

195 1006 235 1028 10
247 988 367 1037 priate
414 993 471 1024 est
517 988 719 1025 meritum:
786 987 927 1037 duplici
973 988 1047 1025 alio
1102 988 1248 1026 honore
1305 995 1393 1026 sunt
1440 990 1574 1027 discoli

29 1068 233 1099 F01.109b.
247 1057 472 1095 honorandi.
519 1056 537 1076 '¹‘
581 1057 632 1094 Et
666 1064 771 1107 patet
801 1058 999 1107 quomodo
1033 1058 1270 1108 intelligendi
1303 1065 1391 1096 sunt
1420 1060 1574 1109 Augus-

247 1128 349 1166 tinus
368 1128 533 1166 Boecius
561 1134 598 1165 et
618 1128 679 1165 alii
699 1129 880 1167 doctores
901 1129 967 1178 qui
989 1129 1121 1166 dicunt
1142 1130 1248 1178 quod
1275 1130 1433 1167 laudans
1459 1130 1575 1167 alium

29 1202 51 1232 5
68 1209 98 1232 c·
247 1199 318 1236 sub
348 1199 502 1236 racione
531 1211 607 1248 que
632 1199 703 1236 sibi
734 1211 813 1237 non
842 1199 1027 1248 competit
1057 1212 1136 1237 non
1165 1200 1273 1237 illum
1306 1200 1435 1238 laudat
1465 1201 1532 1238 sed
1554 1200 1572 1220 *

246 1269 361 1306 alium
389 1269 428 1305 in
461 1281 538 1319 quo
571 1269 632 1306 illa
664 1269 768 1306 racio
803 1270 1000 1306 invenitur.
1058 1270 1152 1308 Ideo
1182 1277 1331 1319 oportet
1354 1271 1576 1308 laudantem

193 1354 231 1387 15
246 1339 441 1377 attendere
471 1340 668 1377 racionem
704 1339 941 1377 laudacionis
979 1352 1028 1377 ne
1067 1341 1284 1378 committat
1317 1341 1574 1379 mendacium.

29 1404 194 1447 chrysost.
245 1408 349 1447 Nam
387 1411 599 1448 secundum
639 1410 930 1456 Crisostomum,
972 1410 1112 1448 omelia
1161 1411 1298 1449 ultima
1345 1412 1472 1461 operis
1519 1412 1576 1448 in-

245 1480 415 1530 perfecti,
466 1481 717 1519 Mendacium
763 1493 835 1519 nec
882 1481 997 1519 habet
1045 1482 1241 1520 racionem
1288 1483 1457 1532 aliquam
1503 1495 1577 1520 nec

245 1551 431 1588 virtutem.
487 1552 597 1589 Idem
635 1564 727 1601 ergo
765 1557 998 1601 potentatuS‚
1029 1553 1094 1602 qui
1133 1553 1345 1590 secundum
1380 1553 1575 1591 racionem
1588 1563 1818 1629 {grglttgrtzsths

245 1621 329 1658 vicii
349 1627 406 1659 est
426 1622 625 1668 odiendus,
649 1629 706 1659 est
726 1634 815 1659 cum
835 1622 909 1659 hoc
932 1622 1144 1660 secundum
1165 1623 1361 1660 racionem
1382 1629 1515 1660 nature
1536 1629 1573 1660 et
1584 1630 1857 1690 fpoffilsdvpczlgssffld

1614 1674 1626 1689 Γ
1745 1683 1751 1695 9

192 1711 233 1733 20
245 1691 458 1741 prefecture
492 1692 692 1730 amandus.
754 1691 815 1730 Sic
853 1693 956 1729 enim
995 1693 1089 1730 deus
1128 1693 1341 1731 secundum
1381 1694 1572 1743 disparem
1587 1697 1835 1763 ῗὲξὲθῖῗὲὲνὲἓίῡ

244 1762 441 1800 racionem
462 1763 575 1799 simul
595 1763 676 1800 odit
696 1768 732 1800 et
754 1763 873 1812 diligit
893 1769 1119 1801 creaturam.
1589 1770 1688 1790 nature
1698 1764 1754 1790 and
1768 1764 1855 1790 office-

29 1841 74 1877 Q„
302 1832 378 1870 Sed
398 1833 555 1870 ulterius
575 1839 677 1882 patet
697 1845 744 1870 ex
766 1845 856 1882 sepe
873 1833 983 1870 dictis
1001 1834 1104 1883 quod
1125 1834 1220 1871 tales
1240 1847 1320 1872 non
1336 1841 1577 1873 remanerent
1591 1846 1684 1879 Again
1697 1847 1718 1872 it
1732 1846 1755 1872 is
1768 1852 1831 1884 rme

245 1915 355 1953 reges
370 1903 441 1941 nisi
457 1904 651 1953 equivoce,
667 1904 756 1941 licet
776 1903 942 1941 habeant
961 1911 1192 1953 potestatem
1212 1905 1382 1955 regalem
1402 1906 1576 1951 abusam,
1589 1881 1657 1972 {i}
1666 1880 1829 1951 pffiarssngs

245 1980 283 2012 et
304 1974 356 2012 sic
377 1974 524 2012 realiter
543 1974 686 2012 habent
714 1979 945 2023 potestatem
966 1981 1003 2012 et
1025 1976 1250 2024 dignitatem
1273 1982 1578 2025 consequentem
1591 1955 1839 2045 ἓῗῖἕῐὶὲἓιέιέἕξ

194 2058 232 2090 25
247 2044 461 2084 secundum
490 2057 608 2094 quam
637 2050 788 2094 regunt,
810 2044 898 2081 licet
928 2045 1181 2084 demeritorie.
1239 2046 1289 2083 Et
1316 2047 1369 2084 sic
1394 2047 1857 2113 tyrranni,2lgL1V{<÷rttf1ffg;may

245 2117 368 2154 eciam
380 2117 533 2165 presciti
554 2116 619 2166 qui
640 2116 766 2154 solum
787 2115 1082 2156 nominetenus2
1102 2122 1190 2154 sunt
1210 2129 1323 2166 reges
1339 2117 1399 2154 vel
1419 2117 1576 2163 domini,
1590 2114 1648 2173 ἓξὲξ
1661 2114 1834 2179 ζῗέξξξξνζῖ

244 2185 414 2223 habent3
446 2192 680 2236 potestatem
711 2187 918 2225 informem
956 2187 1006 2224 ad
1033 2187 1275 2236 regendum4
1304 2193 1341 2224 et
1374 2187 1576 2224 dominan—
1589 2181 1857 2246 ἓῗὲηξῖζῗζῆξξζζὲὴ

1589 2247 1770 2279 unworthily.

1590 2292 1666 2323 Only
1678 2291 1747 2316 such
1761 2296 1803 2322 ty-

245 2327 445 2376 potestatis
464 2327 601 2376 regalis
621 2327 764 2365 habent
784 2333 822 2365 et
841 2328 981 2364 multas
1010 2328 1184 2365 raciones
1210 2328 1405 2364 bonorum
1434 2328 1574 2376 gratui-
1587 2324 1801 2390 {figgssbgssgffih

193 2409 234 2440 30
246 2403 372 2434 torum
401 2397 613 2434 secundum
642 2409 737 2446 quas
757 2403 956 2435 remanent
982 2397 1120 2435 vicarie
1141 2397 1370 2434 honorandi.
1426 2397 1477 2434 Et
1506 2398 1570 2443 sic,
1584 2392 1740 2457 {3322}ng
1753 2396 1802 2416 not

246 2256 350 2304 dum,
385 2257 453 2294 sed
485 2257 546 2295 illa
584 2263 757 2306 potestas
796 2270 877 2295 non
915 2263 973 2295 est
1011 2257 1236 2294 dominium.
1295 2257 1446 2295 Statum
1484 2266 1576 2306 ergo

1585 2458 1747 2484 dominium
1760 2466 1791 2483 or

245 2467 332 2505 licet
352 2468 478 2505 omnis
501 2474 620 2505 status
640 2467 858 2505 individuus
886 2468 926 2504 in
955 2480 1033 2518 quo
1062 2473 1150 2504 sunt
1179 2467 1271 2505 tales
1292 2468 1339 2505 sit
1359 2467 1570 2516 culpabilis,
1586 2491 1720 2523 lordship.

246 2543 377 2575 tamen
409 2543 529 2575 status
557 2543 594 2575 et
623 2538 727 2576 racio
758 2538 947 2587 generalis
976 2544 1013 2575 et
1040 2538 1323 2575 racionabiliter
1349 2538 1574 2584 laudandus,
1587 2534 1857 2593 Effluificii'ffiffieoe

245 2613 283 2644 et
304 2607 427 2645 eciam
448 2613 568 2645 status
589 2608 805 2646 individuus
826 2608 1040 2645 secundum
1066 2608 1262 2645 racionem
1293 2608 1575 2657 preeminencie
1590 2601 1804 2666 ζῗζῐξξζξέῑξζγ,

1590 2668 1638 2693 the
1651 2668 1764 2700 general
1779 2676 1841 2693 con-

247 2689 329 2715 non
349 2677 506 2715 virtutis.
564 2677 647 2716 Nec
667 2678 780 2716 video
804 2678 1002 2727 quomodo
1027 2685 1213 2727 negantes
1234 2678 1327 2716 tales
1347 2678 1520 2716 raciones
1541 2683 1578 2715 et
1591 2701 1681 2727 ditio„
1694 2707 1767 2726 must
1782 2701 1816 2726 be

1591 2734 1711 2768 praised,
1722 2734 1778 2760 and
1788 2743 1858 2760 even

293 2817 303 2834 ¹
326 2817 419 2849 mult.
437 2822 493 2850 est.
544 2818 556 2836 ²
575 2823 758 2858 voeetenus,
777 2827 807 2851 Β.
871 2819 882 2836 ³
906 2818 1091 2859 habentem,
1109 2828 1144 2859 A,
1162 2826 1192 2851 B.
1239 2818 1251 2836 ‘¹
1273 2819 1485 2859 regnandum,
1506 2827 1535 2849 B.

899 2895 919 2921 C
