2051 3299
652 250 718 280 DE
750 250 945 281 OFFICIO
978 249 1136 281 REGIS.
1782 242 1834 293 65

230 353 392 399 ostendi,
430 354 531 391 beati
577 354 617 390 in
664 354 758 401 celo,
809 354 1041 392 dormientes
1093 354 1133 391 in
1181 355 1413 404 purgatorio,
1461 355 1556 392 sicut

229 424 427 473 dampnati
442 425 479 461 in
494 423 654 470 inferno,
670 425 881 473 reciperent
900 437 947 462 ex
968 425 1033 461 tali
1052 425 1330 463 rectificacione
1346 425 1555 463 elemosine

228 496 499 542 iuvamentum‚
549 507 619 533 nec
667 502 792 544 potest
838 502 1021 545 patronus
1074 496 1247 545 obligare
1300 509 1553 546 quoscunque
1568 515 1616 541 ΝΟ
1629 524 1693 541 man
1706 524 1758 541 can

228 565 386 603 heredes
420 578 509 603 suos
543 566 593 603 ad
630 567 856 603 servandum
894 567 1128 616 oppositum.
1186 566 1294 603 Deus
1332 568 1436 604 enirn
1474 580 1553 605 non
1566 549 1778 608 ῗὲῖἶὲζῖξὲπε

1565 616 1692 648 opposite
1705 625 1810 648 course,

198 643 353 686 5potest
373 637 543 686 obligare
564 637 785 686 quempiam
814 644 854 674 ut
883 650 962 675 non
993 638 1117 686 possit
1148 638 1353 675 emendare
1383 651 1552 676 errorem
1565 650 1756 709 fornfftgven
1770 650 1833 676 God

1565 692 1617 709 can
1650 693 1678 709 ln
1712 692 1775 710 men

227 709 436 758 proprium,
476 709 563 758 quia
600 716 691 747 tunc
729 709 916 757 obligaret
957 709 1157 747 hominem
1204 709 1253 746 ad
1300 710 1552 758 peccandum.
1565 723 1594 743 to
1607 717 1660 744 sin.

230 779 377 817 Statuat
396 780 510 829 igitur
529 792 594 817 rex
615 787 755 817 statum
776 780 865 817 cleri
893 780 931 817 in
961 792 1039 830 quo
1068 780 1161 817 deus
1191 780 1318 829 ipsum
1347 781 1552 826 constituit,

12 859 91 888 Fol.
103 859 169 888 122
181 859 214 889 b.
229 858 367 889 statuat
386 859 513 889 autem
533 865 581 889 ex
601 853 760 889 adverso
778 859 918 889 statum
938 852 987 889 ad
1005 850 1022 871 '¹‘
1045 864 1161 901 quem
1181 852 1334 889 anhelat
1349 853 1553 889 occasione
1567 867 1629 892 The
1644 866 1722 899 King
1735 872 1833 926 mffilth

1567 905 1613 933 try
1625 906 1654 926 to
1667 906 1758 926 reesta
1790 910 1812 926 is

227 922 439 961 dotacionis
459 935 623 969 cesaree,
645 923 709 971 qui
730 930 847 960 status
867 922 962 960 forte
982 922 1080 960 foret
1099 929 1139 959 ut
1160 922 1382 959 dominetur
1396 923 1553 960 civiliter
1566 934 1793 993 thegrtmitivfeth

1566 976 1616 993 COl']
1640 974 1709 994 lthss
1721 977 1737 994 O
1795 977 1810 993 e

175 1004 215 1026 10
228 995 295 1033 toti
323 994 484 1040 mundo,
519 1001 556 1031 et
586 994 752 1031 inveniet
782 994 888 1044 quod
918 994 1090 1031 laborare
1119 1000 1222 1030 recta
1251 993 1474 1031 intencione
1504 993 1552 1030 ad
1566 1002 1669 1034 clergy.

226 1065 388 1115 priorem
423 1071 563 1102 statum
600 1064 697 1102 foret
730 1076 798 1113 per
837 1077 876 1102 se
914 1064 1067 1109 iustum,
1102 1064 1229 1101 omnis
1264 1070 1393 1102 autem
1422 1062 1552 1101 nisus1

225 1138 275 1174 ad
297 1144 353 1174 21¹1
372 1144 512 1174 statum
532 1135 628 1173 foret
646 1136 806 1173 illicitus.
862 1135 911 1172 Et
930 1141 1033 1184 patet
1054 1136 1134 1184 regi
1156 1135 1336 1173 securitas
1356 1135 1553 1184 operandi.

225 1207 341 1245 Unde
360 1216 516 1257 propter
534 1214 733 1256 peccatum
754 1206 1042 1244 rectificacionis
1063 1213 1182 1243 status
1207 1206 1405 1255 presbiteri
1435 1206 1552 1243 credo
1564 1221 1626 1247 The
1639 1221 1734 1280 ffergy
1746 1229 1792 1279 :lm

1564 1261 1640 1281 treac
1663 1262 1744 1280 erous
1757 1263 1776 1286 y

226 1279 369 1316 clerum
402 1279 610 1328 proditorie
643 1278 838 1327 insurgere
877 1284 1011 1315 contra
1049 1290 1211 1327 regnum
1249 1278 1358 1327 quasi
1396 1278 1435 1314 in
1474 1290 1552 1327 quo
1566 1289 1652 1327 rising
1664 1287 1775 1321 against

1543 1349 1548 1355 ,
1564 1332 1621 1355 any
1634 1330 1770 1355 improve-

176 1367 212 1398 15
227 1351 312 1400 quis
346 1350 543 1399 deliquerit
575 1350 762 1399 punietur.
822 1349 1055 1387 Conceditur
1091 1356 1222 1386 tamen
1260 1349 1367 1399 quod
1405 1349 1551 1387 domim
1564 1362 1648 1384 ment.

226 1422 335 1471 regni
365 1428 528 1471 possunt
555 1422 765 1459 concedere
795 1421 950 1467 clericis,
982 1421 1105 1459 eciam
1135 1421 1322 1466 fratribus,
1345 1421 1449 1470 quod
1479 1421 1553 1458 sint

226 1492 420 1530 fructuarii
440 1505 598 1530 suorum
619 1493 820 1539 redditum,
838 1492 1069 1530 reservando
1084 1504 1203 1541 penes
1224 1505 1264 1529 se
1285 1490 1552 1544 domin[i]um.

229 1563 304 1601 Sed
325 1570 475 1613 oportet
494 1576 626 1601 cavere
650 1576 698 1600 ne
727 1565 821 1601 tales
851 1563 963 1600 nimis
993 1563 1255 1612 multiplicent,
1277 1570 1314 1600 et
1335 1563 1553 1613 specialiter

227 1647 275 1672 ne
309 1647 375 1673 eos
408 1635 579 1672 inficiant
613 1635 809 1672 credentes
843 1635 1018 1672 maniace
1053 1634 1157 1684 quod
1189 1647 1304 1683 super
1332 1635 1553 1672 elemosinis

174 1719 214 1741 20
227 1705 443 1743 seculariter
472 1705 726 1751 dominentur,
759 1706 817 1742 vel
847 1706 953 1755 quod
981 1705 1177 1742 habebunt
1208 1706 1271 1742 illa
1305 1706 1384 1743 iure
1416 1718 1552 1755 perpe-

225 1784 292 1815 tuo
332 1777 685 1826 quomodocunque
725 1777 899 1814 vixerint.
957 1777 1116 1815 Domini
1154 1777 1257 1814 enim
1297 1777 1404 1826 regni
1432 1776 1553 1814 nostri

224 1854 384 1896 possent
410 1860 547 1885 exuere
575 1861 614 1886 se
640 1850 688 1885 ab
717 1849 823 1885 omni
854 1848 1037 1894 civilitate,
1061 1849 1129 1886 sed
1158 1860 1238 1885 non
1266 1854 1428 1897 possunt
1458 1860 1551 1885 con-

225 1918 358 1956 cedere
383 1919 574 1957 clericatui
605 1919 712 1969 quod
742 1919 897 1956 civiliter
927 1919 1155 1965 dominetur,
1181 1919 1271 1968 quia
1302 1925 1394 1957 tunc
1425 1925 1552 1957 essent

225 1990 412 2028 seculares
443 1990 591 2028 domini
629 1990 803 2028 conversi
834 1990 873 2027 in
902 1990 1060 2028 clericos
1094 1996 1130 2027 et
1161 1990 1287 2028 clerici
1318 1991 1483 2039 perversi
1512 1990 1551 2027 in

173 2074 211 2106 25
226 2067 433 2109 apostotas.
491 2060 738 2099 Rectificato2
757 2062 883 2111 itaque
911 2068 1011 2099 statu
1035 2061 1124 2099 cleri
1154 2060 1264 2099 facile
1294 2061 1391 2098 foret
1420 2061 1549 2099 defen-
1565 2080 1677 2107 Istheir
1688 2086 1761 2107 State

1563 2123 1635 2140 were
1648 2115 1786 2141 reformed
1800 2115 1821 2142 it

224 2132 313 2170 dere
344 2146 411 2171 eos
444 2133 483 2170 in
516 2134 750 2171 naturalibus
779 2140 816 2171 et
847 2135 1062 2182 gubernare
1090 2133 1130 2169 in
1159 2133 1433 2182 temporalibus
1462 2146 1549 2171 cum
1561 2149 1822 2208 Evssssclib‘ifasyto

1582 2191 1644 2207 een
1677 2188 1688 2207 t
1710 2192 1754 2208 em
1767 2191 1796 2209 ln

224 2203 371 2241 duabus
392 2203 589 2242 Ierarchiis
610 2205 867 2253 sequentibus,
885 2204 1027 2242 scilicet
1046 2205 1323 2253 pugnatoribus
1339 2211 1375 2242 et
1395 2204 1545 2242 labora·
1559 2215 1830 2283 {igsslsnssgfflning

1653 2269 1659 2281 ‚

221 2274 379 2320 toribus,
401 2275 491 2324 quia
516 2275 639 2324 prima
668 2275 857 2312 Ierarchia
885 2287 975 2313 cum
1003 2275 1272 2324 predicacione
1302 2275 1427 2312 debita
1455 2275 1548 2324 legis
1560 2283 1680 2343 Ῐεῐῑιᾞέιεὲι
1693 2284 1811 2343 vgssrffley

224 2344 369 2382 domini
416 2344 465 2381 ad
512 2345 586 2382 hoc
633 2345 835 2382 efficaciter
891 2345 1095 2382 adiuvaret.
1179 2344 1283 2382 Nam
1337 2345 1548 2383 secundum
1560 2351 1828 2411 {fiffgtffigssigggvith

169 2428 211 2458 30
225 2414 505 2453 Crisostomum
528 2414 670 2453 Sanalo
689 2416 870 2453 stomacho
889 2417 1076 2453 residuum
1097 2423 1229 2465 corpus
1232 2416 1344 2466 soret
1359 2429 1501 2453 sanum.
1560 2417 1738 2445 hierarchies.

676 2592 1002 2631 CAPITULUM
1034 2600 1102 2639 4111.

277 2679 437 2718 RESTAT
450 2680 658 2718 videndum
672 2680 828 2718 ulterius
843 2680 892 2718 ad
907 2686 1094 2730 quantum
1109 2686 1146 2717 et
1161 2679 1359 2729 quomodo
1374 2686 1545 2729 potestas
1557 2691 1610 2750 tWe
1623 2691 1696 2751 hanj
1707 2691 1815 2751 furtffer

1571 2734 1587 2751 0
1600 2734 1677 2751 COssSl
1699 2734 1729 2751 er
1777 2735 1791 2751 e

220 2750 359 2799 regalis
387 2751 583 2800 regiminis
612 2763 652 2789 se
682 2751 865 2789 extendit.
920 2751 971 2788 Et
1003 2750 1151 2788 videtur
1180 2757 1380 2800 tamquam
1409 2763 1479 2800 per
1505 2763 1544 2788 se
1556 2759 1759 2825 ἰέξέῗιὲένέἓξ

265 2831 274 2848 ¹
299 2831 387 2862 visus
403 2836 468 2872 pro
483 2831 581 2870 nisus,
599 2839 629 2862 Β.
719 2830 731 2848 ²
755 2831 951 2863 Rectificato
967 2842 1047 2862 corr.
1067 2832 1152 2863 Edd.
1169 2842 1209 2862 ex
1226 2831 1449 2869 Rectificacio,
1466 2840 1536 2870 A,B.

874 2900 895 2924 F
