2051 3299
708 239 774 272 DE
806 239 1001 272 OFFICIO
1033 238 1188 271 REGIS.
1809 235 1888 279 277

279 343 526 390 donaverant,
541 355 612 382 nec
634 344 792 393 recipiat
811 350 847 382 et
868 344 1081 393 specialiter
1100 343 1139 379 in
1159 341 1315 391 gwerris
1336 340 1469 378 talium
1486 340 1606 378 comi-

60 418 107 448 56
125 426 155 448 e·
278 414 404 461 tivam,
426 414 493 452 sed
516 413 534 434 *
556 414 694 452 habeat
713 427 799 451 vere
828 414 1048 451 sacerdotes
1071 412 1119 450 ad
1140 416 1277 462 pacem
1302 417 1339 449 et
1359 411 1609 449 concordiam

277 483 519 522 consulentes
531 497 541 531 ;
571 484 659 533 quia
675 484 769 521 dum
788 484 948 522 ecclesia
969 483 1116 521 ducitur
1136 495 1205 532 per
1223 482 1437 520 voluntates
1458 487 1607 519 tantum

277 554 502 603 temporalia
523 555 714 604 sapientes
741 566 899 593 necesse
925 560 983 592 est
1005 554 1104 590 inter
1127 559 1255 602 partes
1275 552 1355 590 eius
1376 551 1609 590 discordiam

246 629 315 661 5et
345 624 488 662 multos
522 624 596 662 late
629 624 864 662 descendere
898 624 948 661 ad
978 623 1182 661 infernum.
1242 622 1360 660 Sexto
1391 621 1607 660 consuleret
1619 618 1668 651 (νῖ)
1686 618 1762 645 That
1775 627 1817 645 we

1621 658 1695 678 must
1709 658 1757 679 not
1770 653 1877 679 believe

277 694 385 744 quod
418 706 499 732 non
536 694 711 732 credatur
747 694 827 732 istis
864 693 1116 744 pseudocristi
1154 693 1318 742 arguciis
1356 691 1461 742 quod
1499 692 1609 729 liceat
1622 686 1890 746 {ffitav‘vgassffigtwful

277 765 332 802 eis
355 764 498 802 bellare
519 777 566 802 ex
587 764 661 803 hoc
690 764 797 814 quod
823 764 915 802 illud
942 764 1029 802 licet
1055 763 1094 801 in
1117 762 1247 801 laicis:
1279 763 1371 812 quia
1398 763 1452 799 sie
1479 762 1609 799 liceret
1622 753 1857 813 ζζζζξξξξξξξζο

276 835 331 873 eis
369 836 475 873 abuti
513 836 698 873 uxoribus
736 835 933 882 laicorum,
967 846 1081 884 super
1117 845 1254 871 omnes
1292 833 1413 870 laicos
1452 819 1813 870 civiliterf0‘thelaity·

277 905 469 944 dominari
506 913 543 944 et
581 906 793 956 cuicunque
832 905 939 955 operi
972 904 1030 943 vel
1063 904 1133 942 arti
1164 903 1388 941 mechanice
1421 909 1610 953 tanquam

228 990 267 1013 10
279 975 438 1014 seculari
464 975 676 1014 intendere.
735 975 811 1013 Sed
838 987 928 1013 eum
949 980 1037 1012 sunt
1057 973 1212 1012 oculus¹
1232 973 1407 1023 corporis
1436 973 1609 1018 ecclesie,

277 1045 408 1082 anima
426 1045 551 1095 ipsam
571 1046 768 1083 vivificans
790 1051 827 1083 et
847 1045 955 1083 stella
976 1044 1126 1082 celestis
1147 1043 1269 1093 ipsam
1286 1043 1451 1089 radians,
1469 1043 1612 1081 debent

277 1115 318 1153 in
347 1115 530 1153 limitibus
554 1127 624 1154 suo
650 1116 764 1154 officii
794 1127 833 1153 se
857 1127 1018 1161 servare,
1039 1114 1128 1164 quia
1151 1114 1258 1151 aliter
1277 1125 1358 1151 non
1385 1120 1612 1163 superarent

278 1186 451 1224 subditos
467 1186 662 1236 dignitate.
720 1186 819 1232 Quis
835 1186 938 1223 enim
958 1185 1086 1223 credet
1105 1184 1365 1234 preconisanti
1385 1184 1612 1233 dignitatem

278 1268 389 1294 suam
413 1257 452 1294 in
482 1256 553 1295 hiis
584 1269 659 1307 que
689 1256 839 1294 lucrum
866 1261 903 1293 et
929 1255 1121 1293 mundum
1148 1254 1346 1293 sonuerint
1375 1255 1442 1292 sed
1471 1255 1510 1291 in
1540 1254 1611 1292 hiis

225 1340 264 1373 15
278 1339 352 1377 que
372 1332 611 1365 concernunt
631 1327 872 1365 honestatem
894 1326 951 1364 sui
967 1326 1082 1364 officii
1095 1331 1132 1363 et
1145 1325 1436 1364 edificacionem
1451 1326 1610 1363 ecclesie

61 1404 100 1436 Β.
276 1397 488 1436 secundum
512 1397 616 1447 leges
645 1397 744 1447 regis
774 1397 924 1447 pacifici
953 1397 1212 1434 mutescenti?
1270 1396 1443 1445 Septimo
1473 1394 1894 1434 consu—(vii)Th2—tthela³ty

1623 1434 1698 1455 must
1711 1439 1740 1455 re
1762 1430 1786 1455 el
1799 1430 1847 1456 the

276 1468 370 1507 leret
407 1467 567 1506 seculari
601 1480 734 1506 cavere
769 1467 816 1505 de
846 1467 1004 1505 fallaciis
1043 1467 1226 1505 anticristi
1265 1467 1407 1517 quibus
1445 1467 1610 1505 consulit
1742 1439 1759 1462 p

1623 1463 1891 1495 argumentofAnti-

1624 1496 1709 1522 christ
1720 1497 1781 1522 that
1794 1497 1884 1523 ‘force

59 1547 465 1588 F01.].81a.gwerrare
494 1551 563 1588 per
591 1538 665 1576 hoc
695 1538 802 1587 quod
830 1538 974 1576 licitum
1003 1544 1060 1575 est
1083 1536 1101 1556 *
1124 1538 1201 1574 vim
1230 1537 1266 1574 vi
1295 1537 1489 1587 repellere,
1520 1550 1610 1576 cum
1624 1530 1891 1596 ξξζοξξεξῗρὲξξξζῒ

276 1609 395 1647 bestie
415 1614 453 1647 et
473 1609 682 1647 inanimata
701 1621 863 1659 corpora
882 1608 975 1646 illud
996 1614 1127 1658 agunt.
1184 1607 1341 1646 Debent
1360 1609 1463 1646 enirn
1483 1609 1610 1658 primo
1622 1601 1651 1623 to
1662 1597 1696 1623 be
1708 1596 1846 1624 imitated·

60 1689 158 1721 Matt.
174 1689 230 1721 xii.
276 1678 477 1717 intendere
516 1680 778 1718 imitacionem
821 1679 920 1728 regis
963 1678 1112 1728 pacifici
1161 1678 1208 1716 de
1252 1691 1331 1729 quo
1377 1678 1514 1717 Matth.
1563 1692 1608 1717 12

63 1734 168 1817 ἒῙῖ-ΞΙῙ
172 1757 262 1817 '1-4.)
277 1750 473 1788 scribitur:
502 1748 601 1787 Ecce
621 1757 717 1799 puer
735 1762 833 1787 meus
861 1750 989 1787 electus
1011 1762 1114 1799 quem
1139 1749 1241 1798 elegi,
1263 1750 1414 1787 dilectus
1440 1763 1549 1797 meus,
1573 1752 1613 1788 in

275 1833 346 1870 quo
371 1820 454 1858 bene
479 1821 699 1869 complacuit
721 1821 843 1857 anime
868 1832 949 1857 mee.
1006 1819 1155 1857 Ponam
1175 1821 1348 1869 spiritum
1371 1833 1485 1858 meum
1505 1828 1615 1870 super

276 1903 369 1936 eum,
400 1895 434 1927 et
463 1891 643 1928 iudicium
671 1890 843 1939 gentibus
873 1890 1093 1927 nuncciabit.
1159 1889 1251 1928 Non
1281 1891 1472 1937 contendet,
1504 1903 1616 1940 neque

280 1961 465 2007 clamabit,
486 1972 595 2009 neque
613 1961 750 2009 aliquis
770 1961 895 1997 audiet
911 1961 951 1998 in
961 1961 1098 2009 plateis
1117 1973 1233 1998 vocem
1253 1962 1331 1998 eius
1342 1974 1361 2004 ‚·
1392 1963 1613 1999 arundinem

226 2047 266 2079 25
280 2035 493 2079 quassatam
514 2043 586 2068 non
606 2032 826 2082 confringet,
857 2035 891 2067 et
910 2032 1053 2080 lignum
1065 2031 1276 2082 fumigans
1301 2043 1373 2068 non
1398 2034 1612 2081 extzngwet,

278 2102 387 2138 donec
406 2102 560 2138 eiciatur
578 2102 632 2138 ad
647 2102 839 2138 victoriam
860 2102 1048 2139 iudicium.
1104 2101 1163 2139 Et
1184 2103 1223 2139 in
1239 2103 1382 2139 nomine
1400 2103 1477 2139 eius
1490 2107 1614 2152 gentes

277 2171 484 2221 sperabunt.
541 2169 661 2222 (Ecce
698 2172 824 2220 primo
863 2172 1066 2222 quomodo
1094 2172 1376 2221 predestinatus
1407 2172 1482 2210 Dei
1510 2173 1609 2210 filius
1624 2182 1764 2221 Notesofg

276 2242 416 2291 plenus
436 2241 565 2290 gracia
592 2241 790 2280 ordinatus
817 2248 873 2279 est
898 2254 1030 2291 regere
1056 2249 1191 2291 gentes
1221 2255 1290 2280 suo
1316 2243 1457 2281 iudicio
1478 2256 1610 2281 exem-
1623 2217 1710 2243 Mam
1724 2225 1771 2243 ω
1786 2218 1825 2244 18'

278 2311 386 2362 plari.
445 2311 553 2349 Patet
582 2318 625 2348 20
651 2311 851 2361 quomodo
879 2313 1052 2362 quinque
1079 2313 1330 2351 condiciones
1356 2314 1613 2363 superborum

225 2398 267 2430 30
279 2382 544 2420 resistencium
573 2393 654 2420 non
679 2382 751 2419 sibi
771 2381 974 2428 infuerant,
997 2395 1086 2420 cum
1106 2395 1186 2421 non
1207 2384 1407 2421 contendit
1425 2397 1496 2434 pro
1516 2390 1612 2421 tem-

279 2452 476 2502 poralibus
510 2464 582 2490 nec
617 2451 795 2490 clamavit
827 2465 898 2501 pro
933 2452 1044 2490 illatis
1076 2453 1272 2502 molestiis,
1305 2467 1378 2492 nec
1407 2455 1446 2491 in
1477 2455 1614 2504 plateis

278 2528 514 2571 conquestus
546 2528 604 2559 est
635 2521 682 2559 de
711 2522 789 2559 suis
818 2522 974 2569 iniuriis,
1007 2523 1074 2560 sed
1104 2523 1155 2561 ita
1186 2525 1345 2573 paciens
1377 2531 1458 2562 erat
1496 2526 1614 2563 seculi

278 2592 515 2641 potentibus,
537 2592 604 2641 qui
633 2597 741 2629 erant
771 2592 919 2630 arundo
948 2600 1128 2642 quassata
1148 2600 1263 2632 vento
1293 2595 1483 2644 superbie,
1506 2596 1614 2645 quod

279 2661 395 2700 nichil
412 2674 570 2699 suorum
586 2663 635 2699 ab
651 2662 706 2699 eis
723 2661 968 2700 dominanter
987 2664 1091 2712 petiit
1104 2662 1128 2711 ²,
1147 2671 1183 2702 et
1197 2677 1276 2714 quo
1297 2665 1346 2702 ad
1367 2665 1559 2715 simplices
1573 2667 1612 2704 in

226 2738 265 2771 35
280 2732 421 2782 quibus
440 2731 508 2770 fuit
529 2732 693 2770 scintilla
714 2733 946 2778 devocionis,
968 2740 1009 2771 ut
1039 2734 1186 2783 lignum
1214 2735 1408 2785 fumigans
1437 2748 1517 2774 non
1546 2750 1612 2775 ex-

367 2808 379 2828 1
404 2809 476 2840 olus
492 2814 556 2851 pro
575 2810 698 2849 oculus,
716 2819 749 2841 A.
883 2812 894 2829 ²
918 2811 1013 2852 petiit
1030 2822 1111 2844 corr.
1131 2813 1216 2844 Edd.
1229 2818 1291 2854 pro
1305 2814 1422 2854 peccit,
1440 2822 1474 2852 A,
1493 2822 1523 2845 Β.
