2051 3299
183 172 263 226 238
881 181 944 212 DE
977 180 1172 213 OFFICIO
1206 180 1363 212 REGIS.

461 292 628 335 poetam.
689 285 751 323 Sic
782 286 886 323 enim
913 293 970 323 est
990 284 1227 323 Holofernes
1260 284 1389 334 gladio
1422 284 1578 333 proprio
1611 283 1788 322 occiden-
1802 292 1869 325 Tit.
1887 293 1908 326 i.
1930 302 1978 324 12.

461 356 544 401 dus,
565 362 603 393 et
630 368 699 404 per
724 355 795 393 hec
822 362 948 405 potest
974 355 1152 393 convinci
1181 361 1366 403 quantum
1393 353 1553 403 epistule
1581 353 1790 392 decretales

464 424 633 464 *novelle
673 426 873 463 dissonant
915 427 964 463 ab
1003 425 1179 474 antiquis.
1238 424 1355 462 Unde
1394 436 1530 462 omnes
1579 424 1790 462 decretales
1803 431 1851 460 49
1869 439 1900 461 a.

461 497 619 546 epistule
652 509 726 545 que
758 503 897 533 sonant
930 496 1019 533 cleri
1054 495 1291 533 civilitatem1
1319 495 1492 531 videntur
1521 507 1654 544 sapere
1682 494 1790 532 here-

461 568 576 605 ticam
605 568 843 616 pravitatem,
866 573 907 604 ut
934 566 1147 615 specialiter
1166 565 1313 603 videtur
1340 564 1386 602 de
1408 565 1470 602 illa
1490 564 1652 613 epistula
1678 564 1790 613 primi
1805 574 1822 606 5

461 638 708 676 decretalium
728 637 788 674 De
810 636 1044 686 Majoritate,
1066 636 1245 685 capitulo,
1261 635 1384 680 Solile,
1405 642 1441 672 et
1468 635 1638 673 secundo
1660 635 1790 672 decre·
1804 636 1935 684 D-ecret.
1966 677 1972 684 ³

461 709 594 746 talium
621 708 682 745 De
706 708 948 745 restitucione
977 703 1277 758 spoli[at]orum,
1298 705 1466 755 capitulo
1487 705 1665 752 Litteras,
1687 705 1791 754 quod
1803 678 1915 753 ,ξ’,ιζξῇξ
1931 678 2008 760 ἔιὲ,

461 780 609 817 videtur
638 790 805 815 asserere
835 784 872 814 et
899 777 1038 814 docere
1063 777 1169 826 quod
1200 776 1368 826 prelatus
1395 776 1509 813 debet
1539 776 1579 812 in
1609 787 1701 813 casu
1727 764 1982 838 ex-ssigfissffifh

460 850 707 888 comunicare
739 848 965 886 hominem²
998 853 1156 896 propter
1190 847 1482 884 observanciam
1517 846 1611 895 legis
1644 846 1717 892 dei,
1751 852 1792 882 ut
1805 860 1831 882 c.
1852 858 1903 889 13.

461 926 607 957 tactum
638 925 696 956 est
730 919 914 967 superius.
974 917 1013 954 Si
1044 917 1147 954 enim
1181 929 1284 966 papa
1318 917 1457 953 diceret
1489 916 1595 965 quod
1630 915 1791 954 ecclesia
1806 929 1846 951 10

463 1002 543 1028 non
572 990 685 1027 debet
715 989 754 1025 in
780 989 844 1026 tali
872 1000 965 1026 casu
992 987 1289 1025 excomunicare
1311 987 1517 1035 coniugem
1538 987 1791 1024 renitentem⁸

461 1060 647 1097 diminute
668 1059 890 1108 procederet
910 1058 1118 1095 obmittens
1134 1057 1206 1095 hoc
1223 1063 1302 1094 tam
1318 1057 1575 1094 necessarium
1593 1063 1630 1094 et
1646 1056 1792 1095 docens

465 1142 581 1168 suum
596 1129 842 1168 convertibile
856 1130 869 1149 4
889 1128 1089 1177 quomodo
1105 1128 1248 1165 coniux
1264 1127 1378 1164 debet
1394 1127 1550 1165 sufferre
1564 1128 1793 1165 excomuni-

463 1201 664 1238 cacionem
695 1199 855 1237 ecclesie
885 1199 925 1236 in
958 1205 1196 1248 perpetuum.
1254 1197 1525 1235 Necessarium
1559 1198 1662 1235 enim
1696 1198 1793 1235 foret

462 1270 610 1308 frenare
633 1269 770 1306 furiam
797 1269 929 1318 prelati
958 1269 1136 1306 docendo
1160 1267 1266 1317 quod
1290 1280 1370 1305 non
1401 1268 1514 1305 debet
1540 1268 1580 1305 in
1607 1269 1673 1306 tali
1699 1281 1792 1307 casu
1808 1280 1846 1313 15

463 1341 769 1379 excomunicare.
827 1340 878 1377 Et
904 1352 972 1389 per
996 1339 1099 1377 idem
1128 1339 1298 1388 sequitur
1317 1339 1472 1376 indubie
1494 1338 1599 1388 quod
1626 1339 1793 1388 prelatus
1806 1341 1853 1372 K·

465 1423 681 1461 numquam
719 1410 1033 1448 excomunicaret
1072 1410 1248 1447 distincte
1290 1409 1362 1446 nisi
1402 1409 1610 1458 specialem
1649 1409 1793 1447 revela-

462 1482 617 1520 cionem
651 1481 825 1518 habuerit
869 1481 975 1530 quod
1018 1480 1103 1517 talis
1150 1480 1318 1528 prelatus
1351 1479 1461 1516 fuerit
1499 1479 1629 1528 quoad
1667 1480 1794 1530 aliqua

464 1553 592 1590 minus
613 1552 749 1597 malus,
767 1552 856 1601 quia
872 1552 1023 1600 ignorat
1045 1551 1074 1588 si
1095 1550 1332 1587 mendaciter
1360 1549 1471 1586 fuerit
1496 1549 1636 1588 iudicio
1663 1550 1792 1588 divino

464 1623 688 1668 contrarius,
711 1629 747 1659 et
767 1628 933 1659 cessaret
952 1622 1076 1658 maior
1096 1633 1186 1670 pars
1209 1620 1456 1658 execucionis
1477 1620 1606 1669 legum
1622 1620 1793 1658 ecclesie.
1808 1625 1849 1647 20

185 1694 229 1721 ΤΟ
242 1693 378 1721 maintain
391 1694 439 1720 the
464 1694 560 1731 Ideo
589 1705 661 1742 pro
682 1692 865 1730 salvanda
885 1693 955 1730 ista
976 1692 1152 1729 civilitate
1174 1697 1430 1740 prorumpunt
1450 1690 1629 1728 doctores
1650 1691 1731 1728 eius
1753 1691 1793 1727 in

184 1728 259 1755 civil
274 1729 341 1754 Law
354 1728 390 1754 its

185 1762 451 1788 teachersadvanoe
464 1763 604 1801 multas
634 1763 866 1808 blasfemias,
888 1770 930 1800 ut
958 1762 1009 1799 hii
1039 1762 1169 1799 dicunt
1201 1761 1309 1811 quod
1335 1761 1518 1798 iudicium
1544 1760 1706 1798 ecclesie
1735 1767 1794 1798 est

185 1803 249 1820 man
278 1795 352 1821 blas-

185 1804 320 1860 pheriijes.
463 1837 605 1873 iustum
625 1841 661 1872 et
687 1842 817 1872 tamen
844 1834 985 1872 iudicio
1011 1833 1169 1871 ecclesie
1196 1833 1473 1882 triumphantis,
1494 1844 1626 1881 ymmo
1652 1832 1794 1870 iudicio

466 1906 605 1951 divino,
645 1905 876 1942 contrarium
898 1918 906 1951 ;
951 1904 1002 1941 hii
1040 1911 1210 1941 errantes
1248 1903 1477 1953 profundius
1516 1902 1649 1941 dicunt
1687 1903 1793 1952 quod

466 1977 607 2014 debent
631 1976 800 2013 iudicare
830 1982 965 2013 contra
987 1976 1186 2013 veritatem
1215 1986 1333 2024 quarn
1363 1980 1528 2011 noscunt
1557 1980 1599 2011 ut
1624 1986 1790 2023 persone
1807 1981 1847 2014 25

465 2048 633 2097 private3
664 2053 700 2084 et
728 2047 779 2084 hii
811 2047 943 2084 dicunt
971 2046 1085 2083 nimis
1114 2045 1279 2083 heretice
1309 2045 1415 2094 quod
1440 2045 1527 2081 talia
1553 2057 1669 2093 parva
1692 2045 1794 2082 mala

187 2125 258 2190 ἐξὲξ
268 2125 354 2191 ἐξγάς
363 2124 442 2184 ttffiltf
466 2118 612 2167 peccati
633 2118 775 2155 debent
796 2117 877 2154 fieri
898 2129 946 2153 ne
967 2117 1114 2154 maiora
1134 2116 1236 2153 mala
1257 2116 1457 2153 eveniant:
1490 2117 1499 2135 ‘
1512 2115 1583 2161 ne,’
1601 2115 1795 2164 inquiunt,

187 2191 262 2224 good
277 2177 342 2224 ma}
354 2191 453 2218 come-⁵
467 2189 710 2237 ‘impediatur
726 2199 861 2225 cursus
877 2187 1009 2236 legum
1023 2187 1035 2206 ⁵
1052 2187 1291 2235 imperatoris
1307 2198 1351 2223 ac
1369 2185 1530 2222 ecclesie
1548 2185 1635 2222 talia
1650 2185 1795 2234 privata

467 2259 605 2297 iniusta
634 2259 775 2295 iudicia
806 2264 893 2295 sunt
923 2257 1099 2306 agenda!
1156 2256 1205 2293 Et
1230 2256 1282 2294 sic
1303 2256 1436 2293 dicunt
1458 2268 1547 2292 cum
1575 2256 1795 2293 infidelibus
1808 2261 1965 2294 Rom.iii.
1981 2262 2010 2294 8.

450 2331 652 2379 faciamus
673 2331 772 2366 mala
793 2334 834 2366 ut
851 2330 1019 2366 eveniant
1040 2329 1143 2375 bona,
1165 2335 1201 2366 et
1226 2329 1279 2365 sic
1300 2329 1424 2376 magis
1445 2328 1568 2375 magis
1589 2327 1691 2364 mala
1712 2327 1792 2364 sine
1807 2341 1849 2372 30

467 2401 541 2438 fine
557 2400 682 2438 forent
702 2400 876 2438 facienda
896 2407 936 2436 ut
957 2400 1078 2448 magis
1098 2401 1202 2437 bona
1217 2400 1405 2443 eveniant,
1423 2405 1460 2435 et
1477 2398 1529 2435 sic
1550 2398 1793 2447 peccandum

468 2472 565 2509 foret
584 2478 743 2520 propter
758 2471 1004 2508 occasionem
1021 2477 1216 2519 acceptam
1237 2476 1276 2506 ut
1296 2470 1443 2506 bonum
1461 2468 1554 2505 deus
1574 2468 1662 2505 inde
1678 2468 1792 2506 faciat

467 2542 651 2591 graciose,
673 2541 780 2590 quod
804 2542 1047 2590 impugnaret
1070 2547 1191 2577 totam
1219 2540 1334 2576 fidem
1361 2539 1573 2576 catolicam.
1631 2538 1792 2576 Tercius

468 2624 558 2650 vero
573 2624 678 2649 error
694 2612 851 2660 spissior
867 2618 921 2649 est
936 2618 972 2648 et
988 2611 1027 2647 in
1043 2610 1214 2660 epistulis
1230 2622 1329 2659 pape
1343 2609 1381 2646 in
1396 2609 1450 2645 vi0
1463 2615 1500 2646 et
1513 2609 1552 2645 in
1572 2609 1640 2645 vii0
1661 2608 1791 2646 decre—
1805 2577 1970 2659 1133&th

512 2708 520 2725 ¹
545 2709 722 2747 civitatem,
740 2716 774 2739 A.
900 2707 912 2725 ²
934 2707 1114 2745 hominem,
1130 2717 1190 2738 om.
1208 2715 1243 2738 A.
1370 2705 1382 2722 ⁸
1407 2706 1471 2737 Dei
1491 2709 1566 2746 post
1588 2706 1791 2745 renitentem,
1807 2670 1873 2694 VII.

467 2760 539 2790 add.
558 2768 590 2790 A.
680 2759 691 2776 ¹
715 2758 968 2797 convertibilem,
988 2767 1020 2791 A.
1109 2759 1121 2777 ⁵
1145 2763 1175 2789 et
1193 2762 1266 2799 post
1288 2757 1410 2798 legum,
1427 2757 1498 2787 add.
1517 2765 1550 2787 Α.
