<?xml version="1.0" encoding="UTF-8"?>
<!DOCTYPE html PUBLIC "-//W3C//DTD XHTML 1.0 Transitional//EN"
    "http://www.w3.org/TR/xhtml1/DTD/xhtml1-transitional.dtd">
<html xmlns="http://www.w3.org/1999/xhtml" xml:lang="en" lang="en">
 <head>
  <title>
</title>
<meta http-equiv="Content-Type" content="text/html;charset=utf-8" />
  <meta name='ocr-system' content='tesseract 3.04.00' />
  <meta name='ocr-capabilities' content='ocr_page ocr_carea ocr_par ocr_line ocrx_word'/>
</head>
<body>
  <div class='ocr_page' id='page_1' title='image "./tractatusdeoffic00wycl_0199.png"; bbox 0 0 2051 3299; ppageno 0'>
   <div class='ocr_carea' id='block_1_1' title="bbox 680 229 1859 284">
    <p class='ocr_par' dir='ltr' id='par_1_1' title="bbox 680 229 1859 284">
     <span class='ocr_line' id='line_1_1' title="bbox 680 229 1859 284; baseline -0.012 -2"><span class='ocrx_word' id='word_1_1' title='bbox 680 250 745 281; x_wconf 85' lang='lat' dir='ltr'>DE</span> <span class='ocrx_word' id='word_1_2' title='bbox 779 249 972 281; x_wconf 68' lang='lat' dir='ltr'>orricio</span> <span class='ocrx_word' id='word_1_3' title='bbox 1006 247 1159 279; x_wconf 80' lang='lat' dir='ltr'>REGIS.</span> <span class='ocrx_word' id='word_1_4' title='bbox 1780 244 1794 270; x_wconf 82' lang='lat'>1</span> <span class='ocrx_word' id='word_1_5' title='bbox 1805 229 1859 284; x_wconf 88' lang='lat'>63</span> 
     </span>
    </p>
   </div>
   <div class='ocr_carea' id='block_1_2' title="bbox 238 349 1580 475">
    <p class='ocr_par' dir='ltr' id='par_1_2' title="bbox 238 349 1580 475">
     <span class='ocr_line' id='line_1_2' title="bbox 238 349 1580 403; baseline -0.007 -9"><span class='ocrx_word' id='word_1_6' title='bbox 238 356 369 394; x_wconf 76' lang='lat' dir='ltr'>nostri,</span> <span class='ocrx_word' id='word_1_7' title='bbox 427 355 505 393; x_wconf 90' lang='lat' dir='ltr'>Sed</span> <span class='ocrx_word' id='word_1_8' title='bbox 528 361 571 403; x_wconf 85' lang='lat'>30</span> <span class='ocrx_word' id='word_1_9' title='bbox 591 361 700 392; x_wconf 82' lang='lat' dir='ltr'>erant</span> <span class='ocrx_word' id='word_1_10' title='bbox 714 354 726 374; x_wconf 81' lang='lat'>¹</span> <span class='ocrx_word' id='word_1_11' title='bbox 748 354 967 392; x_wconf 83' lang='lat' dir='ltr'>stultissime</span> <span class='ocrx_word' id='word_1_12' title='bbox 988 353 1078 402; x_wconf 85' lang='lat' dir='ltr'>quia</span> <span class='ocrx_word' id='word_1_13' title='bbox 1098 351 1258 390; x_wconf 88' lang='lat' dir='ltr'>credunt</span> <span class='ocrx_word' id='word_1_14' title='bbox 1279 350 1429 400; x_wconf 88' lang='lat' dir='ltr'>placere</span> <span class='ocrx_word' id='word_1_15' title='bbox 1451 349 1580 387; x_wconf 83' lang='lat' dir='ltr'>Cristo</span> 
     </span>
     <span class='ocr_line' id='line_1_3' title="bbox 239 420 1580 475; baseline -0.007 -10"><span class='ocrx_word' id='word_1_16' title='bbox 239 426 486 465; x_wconf 87' lang='lat' dir='ltr'>dissolvendo</span> <span class='ocrx_word' id='word_1_17' title='bbox 524 426 751 475; x_wconf 81' lang='lat' dir='ltr'>religionem</span> <span class='ocrx_word' id='word_1_18' title='bbox 790 432 826 462; x_wconf 91' lang='lat' dir='ltr'>et</span> <span class='ocrx_word' id='word_1_19' title='bbox 866 424 1092 474; x_wconf 79' lang='lat' dir='ltr'>pauperiem</span> <span class='ocrx_word' id='word_1_20' title='bbox 1131 434 1250 472; x_wconf 90' lang='lat' dir='ltr'>quam</span> <span class='ocrx_word' id='word_1_21' title='bbox 1288 422 1369 472; x_wconf 90' lang='lat' dir='ltr'>ipse</span> <span class='ocrx_word' id='word_1_22' title='bbox 1408 420 1580 457; x_wconf 82' lang='lat' dir='ltr'>instituit.</span> 
     </span>
    </p>
   </div>
   <div class='ocr_carea' id='block_1_3' title="bbox 242 491 1816 565">
    <p class='ocr_par' dir='ltr' id='par_1_3' title="bbox 242 491 1816 565">
     <span class='ocr_line' id='line_1_4' title="bbox 242 491 1816 565; baseline -0.006 -32"><span class='ocrx_word' id='word_1_23' title='bbox 242 497 341 543; x_wconf 87' lang='lat' dir='ltr'>Quis</span> <span class='ocrx_word' id='word_1_24' title='bbox 360 497 472 546; x_wconf 88' lang='lat' dir='ltr'>igitur</span> <span class='ocrx_word' id='word_1_25' title='bbox 491 502 649 546; x_wconf 81' lang='lat' dir='ltr'>negaret</span> <span class='ocrx_word' id='word_1_26' title='bbox 669 497 762 545; x_wconf 85' lang='lat' dir='ltr'>quin</span> <span class='ocrx_word' id='word_1_27' title='bbox 792 508 860 533; x_wconf 85' lang='lat' dir='ltr'>rex</span> <span class='ocrx_word' id='word_1_28' title='bbox 890 501 926 532; x_wconf 90' lang='lat' dir='ltr'>et</span> <span class='ocrx_word' id='word_1_29' title='bbox 950 505 1114 544; x_wconf 89' lang='lat' dir='ltr'>regnum</span> <span class='ocrx_word' id='word_1_30' title='bbox 1144 493 1285 530; x_wconf 88' lang='lat' dir='ltr'>debent</span> <span class='ocrx_word' id='word_1_31' title='bbox 1315 491 1578 540; x_wconf 82' lang='lat' dir='ltr'>expergiscere</span> <span class='ocrx_word' id='word_1_32' title='bbox 1591 496 1816 565; x_wconf 44' lang='grc' dir='ltr'>ἕζξζὲξὲἲῑῖἓι</span> 
     </span>
    </p>
   </div>
   <div class='ocr_carea' id='block_1_4' title="bbox 240 561 1836 627">
    <p class='ocr_par' dir='ltr' id='par_1_4' title="bbox 240 561 1836 627">
     <span class='ocr_line' id='line_1_5' title="bbox 240 561 1836 627; baseline -0.004 -22"><span class='ocrx_word' id='word_1_33' title='bbox 240 568 476 606; x_wconf 89' lang='lat' dir='ltr'>intellectum</span> <span class='ocrx_word' id='word_1_34' title='bbox 515 573 552 604; x_wconf 89' lang='lat' dir='ltr'>et</span> <span class='ocrx_word' id='word_1_35' title='bbox 591 567 798 604; x_wconf 88' lang='lat' dir='ltr'>emendare</span> <span class='ocrx_word' id='word_1_36' title='bbox 843 565 1057 603; x_wconf 91' lang='lat' dir='ltr'>secundum</span> <span class='ocrx_word' id='word_1_37' title='bbox 1104 564 1231 613; x_wconf 88' lang='lat' dir='ltr'>legem</span> <span class='ocrx_word' id='word_1_38' title='bbox 1271 561 1385 600; x_wconf 87' lang='lat' dir='ltr'>Cristi</span> <span class='ocrx_word' id='word_1_39' title='bbox 1424 566 1578 599; x_wconf 85' lang='lat' dir='ltr'>vocatas</span> <span class='ocrx_word' id='word_1_40' title='bbox 1591 564 1836 627; x_wconf 47' lang='lat' dir='ltr'>fflssgsssssffilsiir‘ffi&#39;</span> 
     </span>
    </p>
   </div>
   <div class='ocr_carea' id='block_1_5' title="bbox 208 631 1828 693">
    <p class='ocr_par' dir='ltr' id='par_1_5' title="bbox 208 631 1828 693">
     <span class='ocr_line' id='line_1_6' title="bbox 208 631 1828 693; baseline -0.007 -17"><span class='ocrx_word' id='word_1_41' title='bbox 208 638 471 678; x_wconf 74' lang='lat' dir='ltr'>selemosinas</span> <span class='ocrx_word' id='word_1_42' title='bbox 519 650 615 686; x_wconf 90' lang='lat' dir='ltr'>quas</span> <span class='ocrx_word' id='word_1_43' title='bbox 661 637 735 687; x_wconf 89' lang='lat' dir='ltr'>ipsi</span> <span class='ocrx_word' id='word_1_44' title='bbox 783 643 821 674; x_wconf 90' lang='lat' dir='ltr'>et</span> <span class='ocrx_word' id='word_1_45' title='bbox 863 635 1187 686; x_wconf 84' lang='lat' dir='ltr'>primogenitores</span> <span class='ocrx_word' id='word_1_46' title='bbox 1235 633 1292 670; x_wconf 88' lang='lat' dir='ltr'>sui</span> <span class='ocrx_word' id='word_1_47' title='bbox 1338 638 1419 669; x_wconf 88' lang='lat' dir='ltr'>tam</span> <span class='ocrx_word' id='word_1_48' title='bbox 1467 631 1578 669; x_wconf 90' lang='lat' dir='ltr'>stulte</span> <span class='ocrx_word' id='word_1_49' title='bbox 1591 633 1828 693; x_wconf 48' lang='lat' dir='ltr'>{cgrlffidttffiffissgg-</span> 
     </span>
    </p>
   </div>
   <div class='ocr_carea' id='block_1_6' title="bbox 239 700 1792 761">
    <p class='ocr_par' dir='ltr' id='par_1_6' title="bbox 239 700 1792 761">
     <span class='ocr_line' id='line_1_7' title="bbox 239 700 1792 761; baseline 0.008 -16"><span class='ocrx_word' id='word_1_50' title='bbox 239 709 478 746; x_wconf 89' lang='lat' dir='ltr'>donaverunt</span> <span class='ocrx_word' id='word_1_51' title='bbox 491 709 504 746; x_wconf 87' lang='lat'>?</span> <span class='ocrx_word' id='word_1_52' title='bbox 1591 700 1709 761; x_wconf 50' lang='grc' dir='ltr'>ἓῗῇἑῗξ</span> <span class='ocrx_word' id='word_1_53' title='bbox 1717 705 1792 759; x_wconf 60' lang='grc' dir='ltr'>ἷὲψῖ</span> 
     </span>
    </p>
   </div>
   <div class='ocr_carea' id='block_1_7' title="bbox 297 773 1864 848">
    <p class='ocr_par' dir='ltr' id='par_1_7' title="bbox 297 773 1864 848">
     <span class='ocr_line' id='line_1_8' title="bbox 297 773 1864 848; baseline -0.005 -32"><span class='ocrx_word' id='word_1_54' title='bbox 297 778 475 817; x_wconf 87' lang='lat' dir='ltr'>Secunda</span> <span class='ocrx_word' id='word_1_55' title='bbox 497 779 559 816; x_wconf 83' lang='lat' dir='ltr'>lex</span> <span class='ocrx_word' id='word_1_56' title='bbox 579 785 636 816; x_wconf 87' lang='lat' dir='ltr'>est</span> <span class='ocrx_word' id='word_1_57' title='bbox 655 778 758 816; x_wconf 88' lang='lat' dir='ltr'>unde</span> <span class='ocrx_word' id='word_1_58' title='bbox 779 777 1001 815; x_wconf 88' lang='lat' dir='ltr'>redderetur</span> <span class='ocrx_word' id='word_1_59' title='bbox 1021 788 1143 826; x_wconf 87' lang='lat' dir='ltr'>regno</span> <span class='ocrx_word' id='word_1_60' title='bbox 1165 775 1349 812; x_wconf 86' lang='lat' dir='ltr'>stabilitas</span> <span class='ocrx_word' id='word_1_61' title='bbox 1373 773 1478 824; x_wconf 81' lang='lat' dir='ltr'>quod</span> <span class='ocrx_word' id='word_1_62' title='bbox 1507 785 1572 810; x_wconf 85' lang='lat' dir='ltr'>rex</span> <span class='ocrx_word' id='word_1_63' title='bbox 1585 782 1864 848; x_wconf 37' lang='lat' dir='ltr'>ilsliffgrtsfigofifflgw</span> 
     </span>
    </p>
   </div>
   <div class='ocr_carea' id='block_1_8' title="bbox 242 847 1833 917">
    <p class='ocr_par' dir='ltr' id='par_1_8' title="bbox 242 847 1833 917">
     <span class='ocr_line' id='line_1_9' title="bbox 242 847 1833 917; baseline -0.003 -31"><span class='ocrx_word' id='word_1_64' title='bbox 242 850 392 886; x_wconf 87' lang='lat' dir='ltr'>ordinet</span> <span class='ocrx_word' id='word_1_65' title='bbox 412 862 480 899; x_wconf 91' lang='lat' dir='ltr'>per</span> <span class='ocrx_word' id='word_1_66' title='bbox 500 861 590 886; x_wconf 90' lang='lat' dir='ltr'>suos</span> <span class='ocrx_word' id='word_1_67' title='bbox 611 849 815 898; x_wconf 85' lang='lat' dir='ltr'>episcopos</span> <span class='ocrx_word' id='word_1_68' title='bbox 840 855 882 885; x_wconf 92' lang='lat' dir='ltr'>ut</span> <span class='ocrx_word' id='word_1_69' title='bbox 910 848 949 884; x_wconf 93' lang='lat' dir='ltr'>in</span> <span class='ocrx_word' id='word_1_70' title='bbox 972 848 1122 885; x_wconf 90' lang='lat' dir='ltr'>cunctis</span> <span class='ocrx_word' id='word_1_71' title='bbox 1152 847 1229 884; x_wconf 86' lang='lat' dir='ltr'>suis</span> <span class='ocrx_word' id='word_1_72' title='bbox 1258 847 1430 884; x_wconf 85' lang='lat' dir='ltr'>ecclesiis</span> <span class='ocrx_word' id='word_1_73' title='bbox 1459 857 1571 894; x_wconf 86' lang='lat' dir='ltr'>paro·</span> <span class='ocrx_word' id='word_1_74' title='bbox 1584 849 1833 917; x_wconf 45' lang='lat' dir='ltr'>ffissusgilloiildlssiss</span> 
     </span>
    </p>
   </div>
   <div class='ocr_carea' id='block_1_9' title="bbox 242 916 1804 979">
    <p class='ocr_par' dir='ltr' id='par_1_9' title="bbox 242 916 1804 979">
     <span class='ocr_line' id='line_1_10' title="bbox 242 916 1804 979; baseline -0.003 -22"><span class='ocrx_word' id='word_1_75' title='bbox 242 919 428 958; x_wconf 88' lang='lat' dir='ltr'>chialibus</span> <span class='ocrx_word' id='word_1_76' title='bbox 457 920 650 957; x_wconf 84' lang='lat' dir='ltr'>resideant</span> <span class='ocrx_word' id='word_1_77' title='bbox 679 919 800 957; x_wconf 86' lang='lat' dir='ltr'>curati</span> <span class='ocrx_word' id='word_1_78' title='bbox 829 919 896 969; x_wconf 87' lang='lat' dir='ltr'>qui</span> <span class='ocrx_word' id='word_1_79' title='bbox 926 919 1001 956; x_wconf 89' lang='lat' dir='ltr'>sint</span> <span class='ocrx_word' id='word_1_80' title='bbox 1030 918 1132 955; x_wconf 91' lang='lat' dir='ltr'>docti</span> <span class='ocrx_word' id='word_1_81' title='bbox 1152 924 1190 956; x_wconf 89' lang='lat' dir='ltr'>et</span> <span class='ocrx_word' id='word_1_82' title='bbox 1210 918 1366 955; x_wconf 86' lang='lat' dir='ltr'>animati</span> <span class='ocrx_word' id='word_1_83' title='bbox 1387 917 1427 954; x_wconf 91' lang='lat' dir='ltr'>in</span> <span class='ocrx_word' id='word_1_84' title='bbox 1448 916 1574 954; x_wconf 86' lang='lat' dir='ltr'>officio</span> <span class='ocrx_word' id='word_1_85' title='bbox 1586 916 1804 979; x_wconf 46' lang='lat' dir='ltr'>ffgs‘ffietilssfgfiffl‘</span> 
     </span>
    </p>
   </div>
   <div class='ocr_carea' id='block_1_10' title="bbox 23 985 1851 1771">
    <p class='ocr_par' dir='ltr' id='par_1_10' title="bbox 23 985 1851 1771">
     <span class='ocr_line' id='line_1_11' title="bbox 23 985 1773 1045; baseline -0.003 -15"><span class='ocrx_word' id='word_1_86' title='bbox 23 989 263 1031; x_wconf 79' lang='lat' dir='ltr'>F01.149b.*</span> <span class='ocrx_word' id='word_1_87' title='bbox 293 991 486 1040; x_wconf 85' lang='lat' dir='ltr'>pastorali.</span> <span class='ocrx_word' id='word_1_88' title='bbox 561 991 680 1028; x_wconf 88' lang='lat' dir='ltr'>Tales</span> <span class='ocrx_word' id='word_1_89' title='bbox 718 991 822 1027; x_wconf 90' lang='lat' dir='ltr'>enim</span> <span class='ocrx_word' id='word_1_90' title='bbox 863 990 1077 1027; x_wconf 89' lang='lat' dir='ltr'>secundum</span> <span class='ocrx_word' id='word_1_91' title='bbox 1118 989 1334 1039; x_wconf 88' lang='lat' dir='ltr'>principem</span> <span class='ocrx_word' id='word_1_92' title='bbox 1375 995 1577 1038; x_wconf 87' lang='lat' dir='ltr'>pastorum</span> <span class='ocrx_word' id='word_1_93' title='bbox 1589 985 1773 1045; x_wconf 50' lang='lat' dir='ltr'>{griglggsassfii</span> 
     </span>
     <span class='ocr_line' id='line_1_12' title="bbox 28 1053 1837 1110; baseline -0.003 -10"><span class='ocrx_word' id='word_1_94' title='bbox 28 1079 42 1100; x_wconf 93' lang='lat'>1</span> <span class='ocrx_word' id='word_1_95' title='bbox 61 1070 131 1101; x_wconf 88' lang='lat' dir='ltr'>Pet.</span> <span class='ocrx_word' id='word_1_96' title='bbox 145 1079 174 1100; x_wconf 93' lang='lat' dir='ltr'>v.</span> <span class='ocrx_word' id='word_1_97' title='bbox 189 1078 219 1109; x_wconf 83' lang='lat'>3.</span> <span class='ocrx_word' id='word_1_98' title='bbox 244 1062 283 1099; x_wconf 78' lang='lat' dir='ltr'>Ia</span> <span class='ocrx_word' id='word_1_99' title='bbox 303 1062 403 1099; x_wconf 91' lang='lat' dir='ltr'>Petr.</span> <span class='ocrx_word' id='word_1_100' title='bbox 429 1069 471 1098; x_wconf 93' lang='lat' dir='ltr'>v0</span> <span class='ocrx_word' id='word_1_101' title='bbox 502 1068 591 1099; x_wconf 88' lang='lat' dir='ltr'>sunt</span> <span class='ocrx_word' id='word_1_102' title='bbox 623 1061 817 1110; x_wconf 86' lang='lat' dir='ltr'>simplices</span> <span class='ocrx_word' id='word_1_103' title='bbox 849 1060 1031 1109; x_wconf 84' lang='lat' dir='ltr'>theologi,</span> <span class='ocrx_word' id='word_1_104' title='bbox 1053 1073 1124 1097; x_wconf 83' lang='lat' dir='ltr'>non</span> <span class='ocrx_word' id='word_1_105' title='bbox 1155 1061 1382 1097; x_wconf 76' lang='lat' dir='ltr'>dominantes</span> <span class='ocrx_word' id='word_1_106' title='bbox 1413 1060 1453 1096; x_wconf 80' lang='lat' dir='ltr'>in</span> <span class='ocrx_word' id='word_1_107' title='bbox 1484 1060 1579 1095; x_wconf 82' lang='lat' dir='ltr'>clero</span> <span class='ocrx_word' id='word_1_108' title='bbox 1591 1053 1702 1079; x_wconf 62' lang='lat' dir='ltr'>²e³¹0¹²³</span> <span class='ocrx_word' id='word_1_109' title='bbox 1718 1055 1837 1078; x_wconf 83' lang='lat' dir='ltr'>curates.</span> 
     </span>
     <span class='ocr_line' id='line_1_13' title="bbox 245 1130 1583 1184; baseline -0.002 -14"><span class='ocrx_word' id='word_1_110' title='bbox 245 1133 309 1170; x_wconf 81' lang='lat' dir='ltr'>sed</span> <span class='ocrx_word' id='word_1_111' title='bbox 314 1133 447 1182; x_wconf 82' lang='lat' dir='ltr'>forma</span> <span class='ocrx_word' id='word_1_112' title='bbox 451 1132 563 1184; x_wconf 77' lang='lat' dir='ltr'>sacti</span> <span class='ocrx_word' id='word_1_113' title='bbox 573 1130 729 1181; x_wconf 77' lang='lat' dir='ltr'>gregz&#39;s2</span> <span class='ocrx_word' id='word_1_114' title='bbox 745 1144 795 1169; x_wconf 83' lang='lat' dir='ltr'>ex</span> <span class='ocrx_word' id='word_1_115' title='bbox 810 1133 959 1177; x_wconf 80' lang='lat' dir='ltr'>anz&#39;m03</span> <span class='ocrx_word' id='word_1_116' title='bbox 990 1137 1028 1168; x_wconf 93' lang='lat' dir='ltr'>et</span> <span class='ocrx_word' id='word_1_117' title='bbox 1042 1143 1112 1180; x_wconf 89' lang='lat' dir='ltr'>per</span> <span class='ocrx_word' id='word_1_118' title='bbox 1126 1131 1223 1178; x_wconf 87' lang='lat' dir='ltr'>illos,</span> <span class='ocrx_word' id='word_1_119' title='bbox 1240 1137 1280 1168; x_wconf 90' lang='lat' dir='ltr'>ut</span> <span class='ocrx_word' id='word_1_120' title='bbox 1300 1130 1379 1167; x_wconf 84' lang='lat' dir='ltr'>dixi</span> <span class='ocrx_word' id='word_1_121' title='bbox 1396 1130 1583 1179; x_wconf 88' lang='lat' dir='ltr'>superius,</span> 
     </span>
     <span class='ocr_line' id='line_1_14' title="bbox 246 1201 1587 1251; baseline -0.004 -9"><span class='ocrx_word' id='word_1_122' title='bbox 246 1204 354 1242; x_wconf 89' lang='lat' dir='ltr'>scola</span> <span class='ocrx_word' id='word_1_123' title='bbox 375 1203 491 1241; x_wconf 91' lang='lat' dir='ltr'>Cristi</span> <span class='ocrx_word' id='word_1_124' title='bbox 521 1209 558 1241; x_wconf 91' lang='lat' dir='ltr'>et</span> <span class='ocrx_word' id='word_1_125' title='bbox 586 1215 731 1241; x_wconf 91' lang='lat' dir='ltr'>nomen</span> <span class='ocrx_word' id='word_1_126' title='bbox 762 1202 862 1251; x_wconf 88' lang='lat' dir='ltr'>regis</span> <span class='ocrx_word' id='word_1_127' title='bbox 897 1202 1133 1249; x_wconf 85' lang='lat' dir='ltr'>diffunditur,</span> <span class='ocrx_word' id='word_1_128' title='bbox 1160 1214 1248 1239; x_wconf 90' lang='lat' dir='ltr'>cum</span> <span class='ocrx_word' id='word_1_129' title='bbox 1275 1201 1414 1239; x_wconf 89' lang='lat' dir='ltr'>docere</span> <span class='ocrx_word' id='word_1_130' title='bbox 1445 1201 1587 1239; x_wconf 89' lang='lat' dir='ltr'>debent</span> 
     </span>
     <span class='ocr_line' id='line_1_15' title="bbox 246 1272 1587 1324; baseline -0.002 -13"><span class='ocrx_word' id='word_1_131' title='bbox 246 1274 435 1324; x_wconf 87' lang='lat' dir='ltr'>populum</span> <span class='ocrx_word' id='word_1_132' title='bbox 470 1273 670 1323; x_wconf 90' lang='lat' dir='ltr'>quomodo</span> <span class='ocrx_word' id='word_1_133' title='bbox 710 1274 784 1311; x_wconf 90' lang='lat' dir='ltr'>deo</span> <span class='ocrx_word' id='word_1_134' title='bbox 825 1280 863 1311; x_wconf 88' lang='lat' dir='ltr'>et</span> <span class='ocrx_word' id='word_1_135' title='bbox 902 1273 984 1322; x_wconf 86' lang='lat' dir='ltr'>regi</span> <span class='ocrx_word' id='word_1_136' title='bbox 1023 1273 1161 1310; x_wconf 89' lang='lat' dir='ltr'>debeat</span> <span class='ocrx_word' id='word_1_137' title='bbox 1199 1272 1378 1318; x_wconf 82' lang='lat' dir='ltr'>obedire3</span> <span class='ocrx_word' id='word_1_138' title='bbox 1427 1278 1464 1309; x_wconf 90' lang='lat' dir='ltr'>et</span> <span class='ocrx_word' id='word_1_139' title='bbox 1502 1272 1587 1309; x_wconf 87' lang='lat' dir='ltr'>talis</span> 
     </span>
     <span class='ocr_line' id='line_1_16' title="bbox 193 1344 1588 1395; baseline -0.002 -11"><span class='ocrx_word' id='word_1_140' title='bbox 193 1362 231 1395; x_wconf 88' lang='lat'>15</span> <span class='ocrx_word' id='word_1_141' title='bbox 246 1358 342 1395; x_wconf 86' lang='lat' dir='ltr'>gens</span> <span class='ocrx_word' id='word_1_142' title='bbox 372 1351 508 1383; x_wconf 86' lang='lat' dir='ltr'>sancta</span> <span class='ocrx_word' id='word_1_143' title='bbox 541 1344 657 1382; x_wconf 86' lang='lat' dir='ltr'>saciet</span> <span class='ocrx_word' id='word_1_144' title='bbox 695 1357 831 1393; x_wconf 84' lang='lat' dir='ltr'>regem</span> <span class='ocrx_word' id='word_1_145' title='bbox 856 1350 1032 1382; x_wconf 86' lang='lat' dir='ltr'>sanctum</span> <span class='ocrx_word' id='word_1_146' title='bbox 1062 1357 1151 1382; x_wconf 91' lang='lat' dir='ltr'>cum</span> <span class='ocrx_word' id='word_1_147' title='bbox 1181 1344 1275 1381; x_wconf 88' lang='lat' dir='ltr'>deus</span> <span class='ocrx_word' id='word_1_148' title='bbox 1305 1344 1394 1381; x_wconf 86' lang='lat' dir='ltr'>facit</span> <span class='ocrx_word' id='word_1_149' title='bbox 1423 1356 1588 1393; x_wconf 86' lang='lat' dir='ltr'>regnare</span> 
     </span>
     <span class='ocr_line' id='line_1_17' title="bbox 245 1414 1590 1466; baseline -0.002 -13"><span class='ocrx_word' id='word_1_150' title='bbox 245 1416 486 1466; x_wconf 90' lang='lat' dir='ltr'>yppoeritam</span> <span class='ocrx_word' id='word_1_151' title='bbox 500 1422 658 1465; x_wconf 89' lang='lat' dir='ltr'>propter</span> <span class='ocrx_word' id='word_1_152' title='bbox 672 1421 832 1464; x_wconf 89' lang='lat' dir='ltr'>peccata</span> <span class='ocrx_word' id='word_1_153' title='bbox 844 1415 989 1464; x_wconf 89' lang='lat' dir='ltr'>populi.</span> <span class='ocrx_word' id='word_1_154' title='bbox 1031 1415 1141 1452; x_wconf 88' lang='lat' dir='ltr'>Patet</span> <span class='ocrx_word' id='word_1_155' title='bbox 1153 1415 1225 1453; x_wconf 86' lang='lat' dir='ltr'>ista</span> <span class='ocrx_word' id='word_1_156' title='bbox 1237 1415 1299 1452; x_wconf 84' lang='lat' dir='ltr'>lex</span> <span class='ocrx_word' id='word_1_157' title='bbox 1313 1427 1361 1452; x_wconf 83' lang='lat' dir='ltr'>ex</span> <span class='ocrx_word' id='word_1_158' title='bbox 1374 1414 1458 1464; x_wconf 85' lang='lat' dir='ltr'>lege</span> <span class='ocrx_word' id='word_1_159' title='bbox 1470 1414 1590 1464; x_wconf 89' lang='lat' dir='ltr'>priori</span> 
     </span>
     <span class='ocr_line' id='line_1_18' title="bbox 246 1486 1590 1536; baseline -0.001 -12"><span class='ocrx_word' id='word_1_160' title='bbox 246 1494 283 1524; x_wconf 88' lang='lat' dir='ltr'>et</span> <span class='ocrx_word' id='word_1_161' title='bbox 302 1499 350 1524; x_wconf 86' lang='lat' dir='ltr'>ex</span> <span class='ocrx_word' id='word_1_162' title='bbox 372 1486 484 1524; x_wconf 88' lang='lat' dir='ltr'>dictis</span> <span class='ocrx_word' id='word_1_163' title='bbox 507 1486 606 1524; x_wconf 90' lang='lat' dir='ltr'>libro</span> <span class='ocrx_word' id='word_1_164' title='bbox 626 1487 683 1522; x_wconf 93' lang='lat' dir='ltr'>vi0</span> <span class='ocrx_word' id='word_1_165' title='bbox 703 1486 763 1523; x_wconf 91' lang='lat' dir='ltr'>De</span> <span class='ocrx_word' id='word_1_166' title='bbox 794 1486 978 1535; x_wconf 87' lang='lat' dir='ltr'>pastorali</span> <span class='ocrx_word' id='word_1_167' title='bbox 1009 1486 1149 1524; x_wconf 86' lang='lat' dir='ltr'>officio.</span> <span class='ocrx_word' id='word_1_168' title='bbox 1207 1486 1430 1536; x_wconf 88' lang='lat' dir='ltr'>Specialiter</span> <span class='ocrx_word' id='word_1_169' title='bbox 1458 1492 1590 1523; x_wconf 89' lang='lat' dir='ltr'>autem</span> 
     </span>
     <span class='ocr_line' id='line_1_19' title="bbox 246 1557 1589 1607; baseline 0.001 -13"><span class='ocrx_word' id='word_1_170' title='bbox 246 1557 361 1595; x_wconf 88' lang='lat' dir='ltr'>debet</span> <span class='ocrx_word' id='word_1_171' title='bbox 392 1570 461 1595; x_wconf 82' lang='lat' dir='ltr'>rex</span> <span class='ocrx_word' id='word_1_172' title='bbox 492 1557 541 1595; x_wconf 88' lang='lat' dir='ltr'>ad</span> <span class='ocrx_word' id='word_1_173' title='bbox 579 1557 785 1606; x_wconf 89' lang='lat' dir='ltr'>episcopos</span> <span class='ocrx_word' id='word_1_174' title='bbox 825 1569 915 1594; x_wconf 90' lang='lat' dir='ltr'>suos</span> <span class='ocrx_word' id='word_1_175' title='bbox 953 1557 1152 1595; x_wconf 88' lang='lat' dir='ltr'>attendere</span> <span class='ocrx_word' id='word_1_176' title='bbox 1191 1557 1298 1607; x_wconf 88' lang='lat' dir='ltr'>quod</span> <span class='ocrx_word' id='word_1_177' title='bbox 1330 1558 1405 1595; x_wconf 87' lang='lat' dir='ltr'>sint</span> <span class='ocrx_word' id='word_1_178' title='bbox 1443 1557 1589 1595; x_wconf 89' lang='lat' dir='ltr'>iudices</span> 
     </span>
     <span class='ocr_line' id='line_1_20' title="bbox 247 1627 1588 1677; baseline 0 -12"><span class='ocrx_word' id='word_1_179' title='bbox 247 1628 451 1677; x_wconf 89' lang='lat' dir='ltr'>diligentes</span> <span class='ocrx_word' id='word_1_180' title='bbox 482 1634 519 1666; x_wconf 90' lang='lat' dir='ltr'>et</span> <span class='ocrx_word' id='word_1_181' title='bbox 549 1628 692 1677; x_wconf 90' lang='lat' dir='ltr'>ydonei</span> <span class='ocrx_word' id='word_1_182' title='bbox 721 1628 760 1664; x_wconf 92' lang='lat' dir='ltr'>in</span> <span class='ocrx_word' id='word_1_183' title='bbox 792 1627 865 1666; x_wconf 90' lang='lat' dir='ltr'>hac</span> <span class='ocrx_word' id='word_1_184' title='bbox 903 1634 1023 1677; x_wconf 90' lang='lat' dir='ltr'>parte,</span> <span class='ocrx_word' id='word_1_185' title='bbox 1053 1628 1142 1676; x_wconf 90' lang='lat' dir='ltr'>quia</span> <span class='ocrx_word' id='word_1_186' title='bbox 1172 1628 1281 1665; x_wconf 91' lang='lat' dir='ltr'>aliter</span> <span class='ocrx_word' id='word_1_187' title='bbox 1309 1634 1512 1677; x_wconf 89' lang='lat' dir='ltr'>peccatum</span> <span class='ocrx_word' id='word_1_188' title='bbox 1542 1641 1588 1666; x_wconf 84' lang='lat' dir='ltr'>ex</span> 
     </span>
     <span class='ocr_line' id='line_1_21' title="bbox 194 1698 1851 1771; baseline 0.001 -35"><span class='ocrx_word' id='word_1_189' title='bbox 194 1714 234 1736; x_wconf 91' lang='lat'>20</span> <span class='ocrx_word' id='word_1_190' title='bbox 247 1698 389 1737; x_wconf 76' lang='lat' dir='ltr'>causa³</span> <span class='ocrx_word' id='word_1_191' title='bbox 422 1699 621 1747; x_wconf 86' lang='lat' dir='ltr'>multiplici</span> <span class='ocrx_word' id='word_1_192' title='bbox 654 1699 845 1736; x_wconf 81' lang='lat' dir='ltr'>redundat</span> <span class='ocrx_word' id='word_1_193' title='bbox 877 1699 918 1735; x_wconf 94' lang='lat' dir='ltr'>in</span> <span class='ocrx_word' id='word_1_194' title='bbox 949 1699 1119 1748; x_wconf 77' lang='lat' dir='ltr'>regem4.</span> <span class='ocrx_word' id='word_1_195' title='bbox 1187 1699 1238 1736; x_wconf 91' lang='lat' dir='ltr'>Et</span> <span class='ocrx_word' id='word_1_196' title='bbox 1272 1712 1318 1737; x_wconf 86' lang='lat' dir='ltr'>ex</span> <span class='ocrx_word' id='word_1_197' title='bbox 1354 1700 1427 1737; x_wconf 88' lang='lat' dir='ltr'>isto</span> <span class='ocrx_word' id='word_1_198' title='bbox 1460 1699 1587 1749; x_wconf 89' lang='lat' dir='ltr'>primo</span> <span class='ocrx_word' id='word_1_199' title='bbox 1598 1711 1754 1771; x_wconf 43' lang='lat'>{5325</span> <span class='ocrx_word' id='word_1_200' title='bbox 1754 1711 1792 1771; x_wconf 44' lang='lat'>3115</span> <span class='ocrx_word' id='word_1_201' title='bbox 1800 1711 1851 1738; x_wconf 82' lang='lat' dir='ltr'>fol-</span> 
     </span>
    </p>
   </div>
   <div class='ocr_carea' id='block_1_11' title="bbox 248 1769 1869 1845">
    <p class='ocr_par' dir='ltr' id='par_1_11' title="bbox 248 1769 1869 1845">
     <span class='ocr_line' id='line_1_22' title="bbox 248 1769 1869 1845; baseline -0.001 -39"><span class='ocrx_word' id='word_1_202' title='bbox 248 1769 418 1819; x_wconf 89' lang='lat' dir='ltr'>sequitur</span> <span class='ocrx_word' id='word_1_203' title='bbox 438 1769 544 1818; x_wconf 89' lang='lat' dir='ltr'>quod</span> <span class='ocrx_word' id='word_1_204' title='bbox 572 1782 639 1807; x_wconf 84' lang='lat' dir='ltr'>rex</span> <span class='ocrx_word' id='word_1_205' title='bbox 669 1781 751 1807; x_wconf 90' lang='lat' dir='ltr'>non</span> <span class='ocrx_word' id='word_1_206' title='bbox 779 1769 975 1819; x_wconf 87' lang='lat' dir='ltr'>permittet</span> <span class='ocrx_word' id='word_1_207' title='bbox 1004 1769 1262 1819; x_wconf 83' lang='lat' dir='ltr'>alienigenam</span> <span class='ocrx_word' id='word_1_208' title='bbox 1281 1770 1340 1807; x_wconf 89' lang='lat' dir='ltr'>vel</span> <span class='ocrx_word' id='word_1_209' title='bbox 1360 1770 1584 1819; x_wconf 85' lang='lat' dir='ltr'>indigenam</span> <span class='ocrx_word' id='word_1_210' title='bbox 1597 1785 1716 1845; x_wconf 46' lang='grc' dir='ltr'>ἓξὲξ,</span> <span class='ocrx_word' id='word_1_211' title='bbox 1730 1779 1869 1838; x_wconf 50' lang='grc' dir='ltr'>ξιῐῗὲὲῖῖὲν</span> 
     </span>
    </p>
   </div>
   <div class='ocr_carea' id='block_1_12' title="bbox 30 1840 1869 2671">
    <p class='ocr_par' dir='ltr' id='par_1_12' title="bbox 30 1840 1869 2671">
     <span class='ocr_line' id='line_1_23' title="bbox 249 1840 1869 1906; baseline 0.002 -30"><span class='ocrx_word' id='word_1_212' title='bbox 249 1846 427 1877; x_wconf 91' lang='lat' dir='ltr'>curatum</span> <span class='ocrx_word' id='word_1_213' title='bbox 455 1840 727 1878; x_wconf 89' lang='lat' dir='ltr'>beneficiatum</span> <span class='ocrx_word' id='word_1_214' title='bbox 754 1840 793 1876; x_wconf 92' lang='lat' dir='ltr'>in</span> <span class='ocrx_word' id='word_1_215' title='bbox 812 1840 965 1890; x_wconf 85' lang='lat' dir='ltr'>Anglia‚</span> <span class='ocrx_word' id='word_1_216' title='bbox 997 1841 1070 1878; x_wconf 92' lang='lat' dir='ltr'>nisi</span> <span class='ocrx_word' id='word_1_217' title='bbox 1100 1854 1147 1879; x_wconf 87' lang='lat' dir='ltr'>ex</span> <span class='ocrx_word' id='word_1_218' title='bbox 1177 1853 1294 1878; x_wconf 88' lang='lat' dir='ltr'>causa</span> <span class='ocrx_word' id='word_1_219' title='bbox 1322 1841 1396 1879; x_wconf 92' lang='lat' dir='ltr'>deo</span> <span class='ocrx_word' id='word_1_220' title='bbox 1416 1848 1585 1890; x_wconf 82' lang='lat' dir='ltr'>accepta,</span> <span class='ocrx_word' id='word_1_221' title='bbox 1599 1846 1869 1906; x_wconf 45' lang='lat' dir='ltr'>ffigintheirbene-</span> 
     </span>
     <span class='ocr_line' id='line_1_24' title="bbox 248 1900 1676 1959; baseline 0.002 -13"><span class='ocrx_word' id='word_1_222' title='bbox 248 1917 356 1947; x_wconf 87' lang='lat' dir='ltr'>extra</span> <span class='ocrx_word' id='word_1_223' title='bbox 393 1922 559 1959; x_wconf 87' lang='lat' dir='ltr'>regnum</span> <span class='ocrx_word' id='word_1_224' title='bbox 596 1910 656 1947; x_wconf 86' lang='lat' dir='ltr'>vel</span> <span class='ocrx_word' id='word_1_225' title='bbox 695 1911 807 1956; x_wconf 86' lang='lat' dir='ltr'>intra,</span> <span class='ocrx_word' id='word_1_226' title='bbox 846 1918 955 1948; x_wconf 84' lang='lat' dir='ltr'>extra</span> <span class='ocrx_word' id='word_1_227' title='bbox 993 1923 1105 1948; x_wconf 89' lang='lat' dir='ltr'>suurn</span> <span class='ocrx_word' id='word_1_228' title='bbox 1143 1912 1373 1950; x_wconf 90' lang='lat' dir='ltr'>beneficium</span> <span class='ocrx_word' id='word_1_229' title='bbox 1410 1912 1588 1949; x_wconf 88' lang='lat' dir='ltr'>residere.</span> <span class='ocrx_word' id='word_1_230' title='bbox 1670 1900 1676 1906; x_wconf 46' lang='lat'>⁸</span> 
     </span>
     <span class='ocr_line' id='line_1_25' title="bbox 248 1980 1589 2033; baseline 0.001 -14"><span class='ocrx_word' id='word_1_231' title='bbox 248 1980 354 2019; x_wconf 89' lang='lat' dir='ltr'>Nam</span> <span class='ocrx_word' id='word_1_232' title='bbox 387 1981 464 2018; x_wconf 89' lang='lat' dir='ltr'>sive</span> <span class='ocrx_word' id='word_1_233' title='bbox 499 1981 702 2019; x_wconf 86' lang='lat' dir='ltr'>cardinalis</span> <span class='ocrx_word' id='word_1_234' title='bbox 742 1982 821 2019; x_wconf 88' lang='lat' dir='ltr'>sive</span> <span class='ocrx_word' id='word_1_235' title='bbox 855 1981 1052 2020; x_wconf 87' lang='lat' dir='ltr'>familiaris</span> <span class='ocrx_word' id='word_1_236' title='bbox 1085 1995 1187 2032; x_wconf 88' lang='lat' dir='ltr'>pape</span> <span class='ocrx_word' id='word_1_237' title='bbox 1221 1983 1279 2021; x_wconf 89' lang='lat' dir='ltr'>vel</span> <span class='ocrx_word' id='word_1_238' title='bbox 1310 1983 1589 2033; x_wconf 87' lang='lat' dir='ltr'>cuiuscumque</span> 
     </span>
     <span class='ocr_line' id='line_1_26' title="bbox 199 2052 1591 2104; baseline 0.003 -16"><span class='ocrx_word' id='word_1_239' title='bbox 199 2059 238 2092; x_wconf 89' lang='lat'>25</span> <span class='ocrx_word' id='word_1_240' title='bbox 254 2052 332 2089; x_wconf 86' lang='lat' dir='ltr'>cari</span> <span class='ocrx_word' id='word_1_241' title='bbox 363 2052 419 2088; x_wconf 89' lang='lat' dir='ltr'>sui</span> <span class='ocrx_word' id='word_1_242' title='bbox 450 2052 669 2100; x_wconf 86' lang='lat' dir='ltr'>assignatus</span> <span class='ocrx_word' id='word_1_243' title='bbox 700 2052 814 2090; x_wconf 89' lang='lat' dir='ltr'>fuerit</span> <span class='ocrx_word' id='word_1_244' title='bbox 841 2053 890 2090; x_wconf 89' lang='lat' dir='ltr'>ab</span> <span class='ocrx_word' id='word_1_245' title='bbox 919 2065 967 2090; x_wconf 88' lang='lat' dir='ltr'>eo</span> <span class='ocrx_word' id='word_1_246' title='bbox 997 2054 1046 2091; x_wconf 88' lang='lat' dir='ltr'>ad</span> <span class='ocrx_word' id='word_1_247' title='bbox 1076 2054 1152 2091; x_wconf 88' lang='lat' dir='ltr'>tale</span> <span class='ocrx_word' id='word_1_248' title='bbox 1180 2054 1410 2092; x_wconf 89' lang='lat' dir='ltr'>beneficium</span> <span class='ocrx_word' id='word_1_249' title='bbox 1437 2061 1591 2104; x_wconf 88' lang='lat' dir='ltr'>oportet</span> 
     </span>
     <span class='ocr_line' id='line_1_27' title="bbox 253 2121 1591 2175; baseline 0.002 -16"><span class='ocrx_word' id='word_1_250' title='bbox 253 2121 359 2171; x_wconf 93' lang='lat' dir='ltr'>quod</span> <span class='ocrx_word' id='word_1_251' title='bbox 398 2122 619 2160; x_wconf 86' lang='lat' dir='ltr'>admittatur</span> <span class='ocrx_word' id='word_1_252' title='bbox 655 2130 692 2160; x_wconf 92' lang='lat' dir='ltr'>et</span> <span class='ocrx_word' id='word_1_253' title='bbox 729 2124 944 2173; x_wconf 85' lang='lat' dir='ltr'>assignetur</span> <span class='ocrx_word' id='word_1_254' title='bbox 982 2124 1032 2161; x_wconf 89' lang='lat' dir='ltr'>ad</span> <span class='ocrx_word' id='word_1_255' title='bbox 1069 2125 1376 2175; x_wconf 84' lang='lat' dir='ltr'>correspondens</span> <span class='ocrx_word' id='word_1_256' title='bbox 1421 2125 1591 2163; x_wconf 87' lang='lat' dir='ltr'>officium</span> 
     </span>
     <span class='ocr_line' id='line_1_28' title="bbox 251 2193 1590 2246; baseline 0.001 -17"><span class='ocrx_word' id='word_1_257' title='bbox 251 2199 452 2242; x_wconf 87' lang='lat' dir='ltr'>tamquam</span> <span class='ocrx_word' id='word_1_258' title='bbox 483 2193 606 2242; x_wconf 90' lang='lat' dir='ltr'>legius</span> <span class='ocrx_word' id='word_1_259' title='bbox 638 2193 757 2232; x_wconf 91' lang='lat' dir='ltr'>homo</span> <span class='ocrx_word' id='word_1_260' title='bbox 790 2195 903 2244; x_wconf 85' lang='lat' dir='ltr'>regis.</span> <span class='ocrx_word' id='word_1_261' title='bbox 962 2195 1038 2233; x_wconf 89' lang='lat' dir='ltr'>Sed</span> <span class='ocrx_word' id='word_1_262' title='bbox 1070 2208 1138 2234; x_wconf 86' lang='lat' dir='ltr'>rex</span> <span class='ocrx_word' id='word_1_263' title='bbox 1170 2208 1250 2233; x_wconf 92' lang='lat' dir='ltr'>non</span> <span class='ocrx_word' id='word_1_264' title='bbox 1283 2197 1521 2246; x_wconf 87' lang='lat' dir='ltr'>permitteret</span> <span class='ocrx_word' id='word_1_265' title='bbox 1551 2196 1590 2232; x_wconf 91' lang='lat' dir='ltr'>in</span> 
     </span>
     <span class='ocr_line' id='line_1_29' title="bbox 251 2265 1591 2317; baseline 0.003 -17"><span class='ocrx_word' id='word_1_266' title='bbox 251 2270 331 2301; x_wconf 84' lang='lat' dir='ltr'>tam</span> <span class='ocrx_word' id='word_1_267' title='bbox 368 2265 588 2302; x_wconf 87' lang='lat' dir='ltr'>necessario</span> <span class='ocrx_word' id='word_1_268' title='bbox 612 2265 740 2302; x_wconf 92' lang='lat' dir='ltr'>officio</span> <span class='ocrx_word' id='word_1_269' title='bbox 770 2266 939 2315; x_wconf 87' lang='lat' dir='ltr'>aliquem</span> <span class='ocrx_word' id='word_1_270' title='bbox 973 2279 1064 2312; x_wconf 70' lang='lat' dir='ltr'>cum</span> <span class='ocrx_word' id='word_1_271' title='bbox 1098 2267 1175 2305; x_wconf 90' lang='lat' dir='ltr'>suis</span> <span class='ocrx_word' id='word_1_272' title='bbox 1203 2267 1481 2317; x_wconf 87' lang='lat' dir='ltr'>temporalibus</span> <span class='ocrx_word' id='word_1_273' title='bbox 1513 2267 1591 2304; x_wconf 89' lang='lat' dir='ltr'>dis-</span> 
     </span>
     <span class='ocr_line' id='line_1_30' title="bbox 251 2334 1591 2388; baseline 0.003 -17"><span class='ocrx_word' id='word_1_274' title='bbox 251 2334 393 2372; x_wconf 87' lang='lat' dir='ltr'>colare.</span> <span class='ocrx_word' id='word_1_275' title='bbox 451 2334 515 2372; x_wconf 89' lang='lat' dir='ltr'>Sic</span> <span class='ocrx_word' id='word_1_276' title='bbox 544 2335 648 2372; x_wconf 91' lang='lat' dir='ltr'>enim</span> <span class='ocrx_word' id='word_1_277' title='bbox 676 2336 921 2374; x_wconf 88' lang='lat' dir='ltr'>iniuriaretur</span> <span class='ocrx_word' id='word_1_278' title='bbox 950 2337 1035 2385; x_wconf 83' lang='lat' dir='ltr'>deo,</span> <span class='ocrx_word' id='word_1_279' title='bbox 1060 2338 1130 2375; x_wconf 86' lang='lat' dir='ltr'>sibi</span> <span class='ocrx_word' id='word_1_280' title='bbox 1154 2338 1225 2388; x_wconf 91' lang='lat' dir='ltr'>ipsi</span> <span class='ocrx_word' id='word_1_281' title='bbox 1244 2344 1285 2375; x_wconf 87' lang='lat' dir='ltr'>et</span> <span class='ocrx_word' id='word_1_282' title='bbox 1305 2350 1440 2387; x_wconf 84' lang='lat' dir='ltr'>regno,</span> <span class='ocrx_word' id='word_1_283' title='bbox 1460 2337 1591 2375; x_wconf 86' lang='lat' dir='ltr'>fraud-</span> 
     </span>
     <span class='ocr_line' id='line_1_31' title="bbox 30 2403 1591 2459; baseline 0.005 -21"><span class='ocrx_word' id='word_1_284' title='bbox 30 2409 77 2438; x_wconf 90' lang='lat'>35</span> <span class='ocrx_word' id='word_1_285' title='bbox 93 2409 131 2440; x_wconf 87' lang='lat' dir='ltr'>b.</span> <span class='ocrx_word' id='word_1_286' title='bbox 252 2403 271 2424; x_wconf 91' lang='lat'><em>*</em></span> <span class='ocrx_word' id='word_1_287' title='bbox 289 2405 396 2443; x_wconf 88' lang='lat' dir='ltr'>ando</span> <span class='ocrx_word' id='word_1_288' title='bbox 415 2406 523 2455; x_wconf 92' lang='lat' dir='ltr'>ipsos</span> <span class='ocrx_word' id='word_1_289' title='bbox 550 2419 573 2443; x_wconf 87' lang='lat' dir='ltr'>a</span> <span class='ocrx_word' id='word_1_290' title='bbox 593 2407 777 2456; x_wconf 85' lang='lat' dir='ltr'>spirituali</span> <span class='ocrx_word' id='word_1_291' title='bbox 798 2408 995 2458; x_wconf 83' lang='lat' dir='ltr'>suffragio,</span> <span class='ocrx_word' id='word_1_292' title='bbox 1017 2416 1152 2447; x_wconf 90' lang='lat' dir='ltr'>contra</span> <span class='ocrx_word' id='word_1_293' title='bbox 1172 2410 1279 2458; x_wconf 91' lang='lat' dir='ltr'>quod</span> <span class='ocrx_word' id='word_1_294' title='bbox 1299 2416 1403 2447; x_wconf 90' lang='lat' dir='ltr'>totus</span> <span class='ocrx_word' id='word_1_295' title='bbox 1423 2409 1591 2459; x_wconf 88' lang='lat' dir='ltr'>populus</span> 
     </span>
     <span class='ocr_line' id='line_1_32' title="bbox 31 2476 1591 2530; baseline 0.004 -19"><span class='ocrx_word' id='word_1_296' title='bbox 31 2481 81 2511; x_wconf 88' lang='lat' dir='ltr'>H.</span> <span class='ocrx_word' id='word_1_297' title='bbox 249 2476 489 2514; x_wconf 87' lang='lat' dir='ltr'>reclamaret.</span> <span class='ocrx_word' id='word_1_298' title='bbox 544 2477 643 2514; x_wconf 68' lang='lat' dir='ltr'>item</span> <span class='ocrx_word' id='word_1_299' title='bbox 672 2490 739 2515; x_wconf 88' lang='lat' dir='ltr'>rex</span> <span class='ocrx_word' id='word_1_300' title='bbox 772 2479 842 2516; x_wconf 89' lang='lat' dir='ltr'>rite</span> <span class='ocrx_word' id='word_1_301' title='bbox 875 2479 992 2528; x_wconf 87' lang='lat' dir='ltr'>exigit</span> <span class='ocrx_word' id='word_1_302' title='bbox 1023 2492 1046 2517; x_wconf 85' lang='lat' dir='ltr'>a</span> <span class='ocrx_word' id='word_1_303' title='bbox 1077 2492 1149 2517; x_wconf 91' lang='lat' dir='ltr'>suo</span> <span class='ocrx_word' id='word_1_304' title='bbox 1175 2480 1466 2530; x_wconf 89' lang='lat' dir='ltr'>archiepiscopo</span> <span class='ocrx_word' id='word_1_305' title='bbox 1491 2481 1591 2517; x_wconf 91' lang='lat' dir='ltr'>iura-</span> 
     </span>
     <span class='ocr_line' id='line_1_33' title="bbox 249 2548 1590 2601; baseline 0.004 -18"><span class='ocrx_word' id='word_1_306' title='bbox 249 2553 425 2584; x_wconf 88' lang='lat' dir='ltr'>mentum</span> <span class='ocrx_word' id='word_1_307' title='bbox 464 2548 665 2597; x_wconf 88' lang='lat' dir='ltr'>corporale</span> <span class='ocrx_word' id='word_1_308' title='bbox 704 2549 812 2598; x_wconf 92' lang='lat' dir='ltr'>quod</span> <span class='ocrx_word' id='word_1_309' title='bbox 849 2550 918 2587; x_wconf 90' lang='lat' dir='ltr'>erit</span> <span class='ocrx_word' id='word_1_310' title='bbox 955 2550 1078 2588; x_wconf 89' lang='lat' dir='ltr'>fidelis</span> <span class='ocrx_word' id='word_1_311' title='bbox 1117 2551 1190 2588; x_wconf 90' lang='lat' dir='ltr'>sibi</span> <span class='ocrx_word' id='word_1_312' title='bbox 1227 2558 1264 2589; x_wconf 86' lang='lat' dir='ltr'>et</span> <span class='ocrx_word' id='word_1_313' title='bbox 1301 2564 1436 2600; x_wconf 87' lang='lat' dir='ltr'>regno,</span> <span class='ocrx_word' id='word_1_314' title='bbox 1474 2552 1590 2601; x_wconf 87' lang='lat' dir='ltr'>igitur</span> 
     </span>
     <span class='ocr_line' id='line_1_34' title="bbox 250 2617 1589 2671; baseline 0.004 -16"><span class='ocrx_word' id='word_1_315' title='bbox 250 2617 468 2655; x_wconf 89' lang='lat' dir='ltr'>evidencius</span> <span class='ocrx_word' id='word_1_316' title='bbox 498 2618 558 2655; x_wconf 91' lang='lat' dir='ltr'>vel</span> <span class='ocrx_word' id='word_1_317' title='bbox 589 2631 612 2656; x_wconf 90' lang='lat' dir='ltr'>a</span> <span class='ocrx_word' id='word_1_318' title='bbox 642 2620 725 2668; x_wconf 90' lang='lat' dir='ltr'>pari</span> <span class='ocrx_word' id='word_1_319' title='bbox 755 2620 928 2669; x_wconf 85' lang='lat' dir='ltr'>exigeret</span> <span class='ocrx_word' id='word_1_320' title='bbox 958 2633 981 2658; x_wconf 92' lang='lat' dir='ltr'>a</span> <span class='ocrx_word' id='word_1_321' title='bbox 1010 2622 1184 2671; x_wconf 89' lang='lat' dir='ltr'>quolibet</span> <span class='ocrx_word' id='word_1_322' title='bbox 1214 2623 1486 2660; x_wconf 88' lang='lat' dir='ltr'>elemosinario</span> <span class='ocrx_word' id='word_1_323' title='bbox 1517 2634 1589 2660; x_wconf 88' lang='lat' dir='ltr'>suo</span> 
     </span>
    </p>
   </div>
   <div class='ocr_carea' id='block_1_13' title="bbox 249 2687 1869 2767">
    <p class='ocr_par' dir='ltr' id='par_1_13' title="bbox 249 2687 1869 2767">
     <span class='ocr_line' id='line_1_35' title="bbox 249 2687 1869 2766; baseline 0.004 -42"><span class='ocrx_word' id='word_1_324' title='bbox 249 2687 417 2725; x_wconf 89' lang='lat' dir='ltr'>inferiori</span> <span class='ocrx_word' id='word_1_325' title='bbox 449 2689 751 2739; x_wconf 87' lang='lat' dir='ltr'>archiepiscopo,</span> <span class='ocrx_word' id='word_1_326' title='bbox 771 2691 830 2728; x_wconf 91' lang='lat' dir='ltr'>vel</span> <span class='ocrx_word' id='word_1_327' title='bbox 849 2691 889 2728; x_wconf 92' lang='lat' dir='ltr'>in</span> <span class='ocrx_word' id='word_1_328' title='bbox 918 2703 959 2729; x_wconf 89' lang='lat' dir='ltr'>se</span> <span class='ocrx_word' id='word_1_329' title='bbox 978 2692 1037 2729; x_wconf 90' lang='lat' dir='ltr'>vel</span> <span class='ocrx_word' id='word_1_330' title='bbox 1056 2693 1096 2729; x_wconf 91' lang='lat' dir='ltr'>in</span> <span class='ocrx_word' id='word_1_331' title='bbox 1117 2705 1188 2731; x_wconf 90' lang='lat' dir='ltr'>suo</span> <span class='ocrx_word' id='word_1_332' title='bbox 1213 2694 1424 2743; x_wconf 83' lang='lat' dir='ltr'>preposito.</span> <span class='ocrx_word' id='word_1_333' title='bbox 1482 2693 1583 2731; x_wconf 90' lang='lat' dir='ltr'>Cum</span> <span class='ocrx_word' id='word_1_334' title='bbox 1595 2705 1723 2766; x_wconf 53' lang='lat' dir='ltr'>ffiffign</span> <span class='ocrx_word' id='word_1_335' title='bbox 1732 2705 1869 2766; x_wconf 62' lang='lat' dir='ltr'>bfinedfioe‘</span> 
     </span>
     <span class='ocr_line' id='line_1_36' title="bbox 1617 2749 1837 2767; baseline 0 -1"><span class='ocrx_word' id='word_1_336' title='bbox 1617 2749 1633 2767; x_wconf 90' lang='grc' dir='ltr'><strong>Ο</strong></span> <span class='ocrx_word' id='word_1_337' title='bbox 1665 2749 1747 2766; x_wconf 78' lang='lat' dir='ltr'>el&#39;SW</span> <span class='ocrx_word' id='word_1_338' title='bbox 1769 2749 1786 2766; x_wconf 92' lang='lat' dir='ltr'>O</span> <span class='ocrx_word' id='word_1_339' title='bbox 1819 2749 1837 2766; x_wconf 93' lang='lat'><em>0</em></span> 
     </span>
    </p>
   </div>
   <div class='ocr_carea' id='block_1_14' title="bbox 291 2802 1580 2849">
    <p class='ocr_par' dir='ltr' id='par_1_14' title="bbox 291 2802 1580 2849">
     <span class='ocr_line' id='line_1_37' title="bbox 291 2802 1580 2849; baseline 0.005 -16"><span class='ocrx_word' id='word_1_340' title='bbox 291 2802 303 2820; x_wconf 86' lang='lat'>¹</span> <span class='ocrx_word' id='word_1_341' title='bbox 328 2808 445 2842; x_wconf 80' lang='lat' dir='ltr'>errant,</span> <span class='ocrx_word' id='word_1_342' title='bbox 461 2811 497 2836; x_wconf 81' lang='grc' dir='ltr'>Α.</span> <span class='ocrx_word' id='word_1_343' title='bbox 644 2804 656 2822; x_wconf 82' lang='lat'><strong>²</strong></span> <span class='ocrx_word' id='word_1_344' title='bbox 678 2809 722 2845; x_wconf 83' lang='lat' dir='ltr'>et,</span> <span class='ocrx_word' id='word_1_345' title='bbox 732 2810 808 2847; x_wconf 78' lang='lat' dir='ltr'>post</span> <span class='ocrx_word' id='word_1_346' title='bbox 820 2806 939 2847; x_wconf 83' lang='lat' dir='ltr'>gregis,</span> <span class='ocrx_word' id='word_1_347' title='bbox 955 2806 1028 2838; x_wconf 83' lang='lat' dir='ltr'>add.</span> <span class='ocrx_word' id='word_1_348' title='bbox 1047 2815 1076 2838; x_wconf 88' lang='grc' dir='ltr'>Β.</span> <span class='ocrx_word' id='word_1_349' title='bbox 1214 2807 1226 2825; x_wconf 78' lang='lat'><strong><em>³</em></strong></span> <span class='ocrx_word' id='word_1_350' title='bbox 1250 2811 1317 2839; x_wconf 81' lang='lat' dir='ltr'>tam</span> <span class='ocrx_word' id='word_1_351' title='bbox 1333 2813 1398 2849; x_wconf 76' lang='lat' dir='ltr'>pro</span> <span class='ocrx_word' id='word_1_352' title='bbox 1421 2819 1530 2848; x_wconf 83' lang='lat' dir='ltr'>causa,</span> <span class='ocrx_word' id='word_1_353' title='bbox 1547 2817 1580 2839; x_wconf 85' lang='lat' dir='ltr'>A.</span> 
     </span>
    </p>
   </div>
   <div class='ocr_carea' id='block_1_15' title="bbox 247 2853 694 2896">
    <p class='ocr_par' dir='ltr' id='par_1_15' title="bbox 247 2853 694 2896">
     <span class='ocr_line' id='line_1_38' title="bbox 247 2853 694 2896; baseline 0.009 -12"><span class='ocrx_word' id='word_1_354' title='bbox 247 2853 259 2870; x_wconf 69' lang='lat'>⁴</span> <span class='ocrx_word' id='word_1_355' title='bbox 283 2854 320 2884; x_wconf 82' lang='lat' dir='ltr'>in</span> <span class='ocrx_word' id='word_1_356' title='bbox 337 2865 439 2896; x_wconf 80' lang='lat' dir='ltr'>marg.</span> <span class='ocrx_word' id='word_1_357' title='bbox 458 2855 643 2896; x_wconf 85' lang='lat' dir='ltr'>Conclusio,</span> <span class='ocrx_word' id='word_1_358' title='bbox 662 2865 694 2888; x_wconf 88' lang='lat' dir='ltr'>A.</span> 
     </span>
    </p>
   </div>
   <div class='ocr_carea' id='block_1_16' title="bbox 878 2928 948 2952">
    <p class='ocr_par' dir='ltr' id='par_1_16' title="bbox 878 2928 948 2952">
     <span class='ocr_line' id='line_1_39' title="bbox 878 2928 948 2952; baseline 0.014 -1"><span class='ocrx_word' id='word_1_359' title='bbox 878 2928 948 2952; x_wconf 85' lang='lat' dir='ltr'>M2</span> 
     </span>
    </p>
   </div>
  </div>
 </body>
</html>
