2051 3299
681 240 744 271 DE
777 239 970 272 OFFICIO
1005 237 1161 271 REGIS.
1786 225 1864 267 281

264 343 406 381 habent
435 349 661 393 potestatem
687 356 711 382 a
740 343 864 381 Cristo
894 343 990 381 sicut
1019 354 1091 380 nec
1120 341 1181 379 ille
1210 340 1340 378 habuit
1359 346 1588 391 potestatem

263 413 417 451 civiliter
437 414 646 462 regulandi,
669 414 737 451 sed
755 420 947 463 temptans
966 412 1041 450 hoc
1061 412 1101 448 in
1121 411 1278 449 nomine
1300 410 1414 448 Cristi
1435 423 1514 448 non
1533 417 1590 448 est

264 483 347 521 eius
367 484 530 522 vicarius
551 484 618 521 sed
649 483 860 533 discipulus
879 482 1131 532 pseudocristi
1152 482 1287 519 fovens
1306 493 1485 530 gwerras,
1507 481 1590 518 lites

263 560 301 591 et
328 554 603 592 contenciones
630 554 752 591 tocius
773 553 941 591 ecclesie.
1000 552 1102 590 Ante
1123 552 1234 590 cuius
1254 552 1390 590 erroris
1421 551 1590 589 destruc-

231 630 250 662 5
265 624 418 662 cionem
439 624 658 674 inpossibile
678 631 735 662 est
761 624 962 662 ecclesiam
983 624 1095 662 Cristi
1120 623 1260 661 habere
1285 623 1446 661 omnino
1472 623 1590 660 intur-

264 694 354 732 bide
374 706 501 732 veram
521 707 670 744 pacem.
728 694 870 732 Tercio
890 706 980 732 vero
1000 694 1090 732 dicit
1110 693 1216 743 quod
1241 693 1337 731 sicut
1357 693 1592 743 sanguisuga
1604 691 1874 754 gkssigssffffiffient

48 764 145 822 Prpv·
161 772 236 794 xxx·
265 764 355 802 dicit
370 764 568 814 dupliciter
580 765 686 815 affer,
699 765 804 815 affer,
821 764 1026 802 consulens
1046 764 1159 801 nimis
1179 764 1381 802 crudeliter
1401 763 1450 800 ad
1470 763 1593 801 auffe-

50 816 99 848 15'
264 834 427 872 rendum
455 833 560 873 bona
597 841 732 872 nature
770 841 810 872 ut
848 834 964 872 suus¹
995 834 1115 872 fastus
1145 840 1183 872 et
1215 834 1390 884 voluptas
1424 833 1595 882 corporis

265 904 448 952 foveatur,
469 905 523 943 sic
552 911 758 955 utrumque
787 905 1004 943 membrum
1024 904 1184 942 ecclesie
1200 904 1314 942 debet
1334 916 1412 954 quo
1432 904 1481 941 ad
1492 905 1597 942 bona

213 988 255 1012 10
266 974 417 1013 fortune
445 975 717 1013 medicinaliter
747 975 1088 1025 proporcionaliter
1116 981 1154 1012 et
1188 975 1436 1013 effectualiter
1468 975 1594 1012 dicere

267 1045 418 1083 “auffer
438 1043 575 1092 aufer,”
596 1045 800 1083 consulens
820 1045 868 1083 ad
881 1045 1088 1083 fovendum
1104 1045 1208 1083 bona
1223 1051 1356 1082 nature
1373 1045 1411 1082 in
1425 1045 1596 1082 moribus

268 1115 375 1166 quod
405 1116 631 1165 temporalia
660 1123 748 1154 sunt
776 1116 1048 1165 particulariter
1080 1115 1200 1152 instar
1228 1115 1354 1165 pluvie
1383 1115 1595 1152 distributa.

268 1186 319 1225 Et
347 1198 437 1224 cum
464 1187 514 1224 ad
543 1186 652 1225 istam
680 1187 916 1224 sentenciam
940 1191 1102 1223 monent
1133 1192 1213 1223 tam
1243 1185 1441 1223 incarnata
1459 1185 1597 1222 veritas

268 1269 387 1306 quam
406 1257 510 1295 racio
530 1257 712 1295 naturalis
731 1269 912 1307 rogemus
938 1257 1064 1307 ipsam
1091 1257 1287 1294 veritatem
1312 1256 1598 1305 omnipotenter

217 1346 255 1379 15
271 1327 464 1377 sapienter
503 1334 540 1366 et
578 1328 787 1368 clementer
824 1334 957 1367 contra
993 1327 1344 1378 pseudocristianos
1391 1326 1595 1365 defendere

268 1404 415 1447 partem
436 1410 556 1437 suam.
613 1397 772 1437 AMEN
806 1401 850 1445 ›1‹

597 1546 778 1594 FINITUR,
809 1545 872 1585 DE
902 1543 1096 1585 OFF1010²
1124 1543 1258 1584 REGIS.

448 1749 461 1770 ¹
484 1751 591 1782 fumus
606 1756 671 1793 pro
687 1761 773 1791 suus,
791 1760 825 1784 A.
958 1750 971 1769 ²
993 1752 1159 1784 Potestate
1174 1755 1239 1793 pro
1255 1750 1375 1791 officio,
1392 1759 1423 1783 Β.
