2051 3299
0 1968 97 2013 ἶΜ.

663 236 728 268 DE
761 235 956 268 OFFICIO
989 234 1145 266 REGIS.
1827 234 1851 274 3

245 344 349 393 prius
369 342 435 379 fuit
455 341 669 379 eternaliter
683 340 896 378 secundum
911 339 1089 377 deitatem
1105 345 1140 375 et
1156 336 1418 387 temporaliter
1436 349 1572 374 secun-

244 414 336 451 dum
355 412 644 450 humanitatem.
674 411 770 448 Ideo
790 410 923 447 habuit
943 409 1139 446 racionem
1160 408 1293 457 sponsi
1313 406 1574 457 procedentisl

244 483 291 520 de
312 482 494 528 thalamo,
515 494 603 519 cum
624 493 765 530 corpus
792 480 947 528 virginis
970 478 1039 515 fuit
1063 478 1202 516 domus
1226 477 1429 526 singularis
1456 489 1574 526 quam

244 553 372 591 Cristu
425 552 649 590 inhabitavit
683 551 897 588 secundum
927 549 1094 587 mediam
1125 548 1405 598 plenitudinem
1432 548 1572 597 gracie,
1587 550 1852 616 ξξιὲῑξῐεῖηὲἒῐῖεᾶῂ

212 632 228 663 5
244 635 330 673 qua,
352 630 392 660 ut
410 622 582 667 creditur,
603 621 738 659 mulier
759 621 938 658 habuisse
958 632 1038 657 non
1058 619 1182 668 potuit
1200 619 1411 656 meliorem.
1470 618 1574 656 Sicut
1587 618 1711 683 ξξξέἰξξ
1722 618 1835 682 ἓζὲξθίς

242 694 345 731 enim
366 693 512 731 Cristus
532 692 664 731 habuit
685 692 966 742 plenitudinem
982 691 1109 740 gracie
1123 689 1277 727 unionis
1293 701 1369 738 qua
1385 689 1423 725 in
1439 695 1574 726 natura
1587 684 1855 744 fflrssekffiffiffihsscfh

1587 751 1708 816 {5223
1714 807 1716 809 ,
1727 751 1827 822 ῗῑῗιῗὸ

242 834 371 871 dinem
409 834 536 882 gracie
568 833 770 882 spiritualis
810 831 1052 880 cognicionis
1084 844 1161 881 qua
1176 831 1188 851 ³
1222 831 1262 867 in
1300 842 1394 868 sexu
1433 829 1573 867 femine
1587 818 1822 883 {gi{‡²{‡a‘³cfe¹{‚¹}¹⁰n’

241 904 364 941 maior
384 916 466 941 esse
486 915 566 940 non
586 903 720 952 potuit.
764 902 979 951 Stephanus
993 908 1120 939 autem
1140 901 1273 938 habuit
1293 901 1571 950 plenitudinem
1587 885 1843 949 {fi’ssi‘gtsfflissogggaoe

1585 951 1617 976 of
1624 951 1857 984 predestination.

242 763 412 801 humana
431 763 555 800 maior
574 775 658 800 esse
679 774 759 799 non
779 760 935 811 potuit2,
960 761 1013 798 sic
1028 767 1150 797 mater
1171 772 1240 797 sua
1259 760 1391 797 habuit
1412 759 1573 808 plenitu-

192 982 230 1005 10
242 974 369 1022 gracie
402 972 781 1023 praedestinacionis,
806 978 847 1009 ut
877 978 981 1022 patet
1006 972 1092 1022 Joh.
1126 973 1168 1018 i0,
1201 972 1307 1009 Luce
1340 972 1381 1018 i0,
1409 972 1484 1008 Act
1517 972 1571 1007 60.

240 1044 369 1082 Prima
389 1050 515 1081 autem
536 1043 665 1092 gracia
686 1043 725 1079 in
746 1043 974 1092 superlativo
994 1043 1114 1093 gradu
1136 1043 1272 1080 dicitur
1291 1042 1432 1079 habere
1453 1041 1573 1091 pleni-

239 1114 413 1151 tudinem
433 1113 645 1151 seeundum
665 1113 993 1162 praecellenciam,
1019 1113 1189 1151 secunda
1209 1125 1298 1150 vero
1319 1113 1358 1149 in
1374 1124 1574 1161 compara·
1588 1116 1649 1142 The
1664 1116 1808 1148 plenitude

1588 1150 1621 1175 of
1630 1150 1677 1175 the
1690 1150 1749 1175 first
1762 1150 1830 1175 kind

239 1184 316 1222 tivo
354 1183 475 1233 gradu
519 1183 653 1221 dicitur
690 1183 830 1221 habere
869 1184 1150 1233 plenitudinem
1190 1183 1405 1221 secundum
1443 1195 1575 1232 super-
1589 1182 1857 1242 {zgffiiffigssogfpt‘ffg

240 1254 564 1300 habundanciam,
591 1254 659 1291 sed
693 1254 802 1291 tertia
835 1254 964 1303 gracia
998 1254 1058 1290 in4
1091 1254 1257 1303 positivo
1285 1254 1405 1302 gradu
1441 1253 1577 1291 dicitur
1590 1250 1842 1313 Ξῖῗῐξέἃξξῗξῗ·

1590 1317 1638 1342 the
1652 1317 1726 1342 third
1739 1317 1771 1342 of

190 1341 203 1363 1
210 1341 227 1373 5
240 1324 381 1362 habere
390 1325 666 1374 plenitudinem
676 1324 888 1362 secundum
897 1325 1180 1370 sufficienciam,
1190 1325 1254 1374 qui
1264 1324 1408 1373 gradus
1417 1323 1430 1344 ⁵
1436 1324 1575 1372 gracie,
1590 1349 1762 1382 sufficiency·

240 1395 327 1433 licet
347 1396 527 1433 omnibus
541 1395 805 1444 predestinatis
825 1395 986 1441 infuerit,
1003 1396 1041 1432 in
1064 1395 1261 1445 Stephano
1280 1402 1410 1432 tamen
1423 1395 1435 1415 ⁶
1454 1394 1516 1431 hic
1538 1394 1577 1430 in

241 1466 301 1502 via
328 1464 539 1503 secundum
561 1465 758 1514 quoddam
779 1466 943 1503 caritatis
964 1466 1203 1515 privilegium
1228 1466 1401 1503 rutilavit.
1461 1464 1576 1502 Unde

240 1536 453 1575 notandum
476 1536 643 1582 ulterius,
665 1536 771 1586 quod
790 1549 928 1575 omnes
956 1538 1015 1575 isti
1035 1544 1108 1575 tres
1134 1537 1276 1586 gradus
1296 1536 1421 1586 gracie
1451 1535 1577 1574 solum

240 1607 370 1644 insunt
390 1606 679 1656 praedestinatis
700 1613 736 1644 et
756 1619 778 1643 a
798 1607 924 1656 primo
948 1607 1103 1644 instanti
1130 1607 1395 1656 generacionis
1417 1605 1576 1643 subiecti
1590 1605 1635 1631 All
1650 1605 1727 1631 three
1740 1605 1823 1632 kinds

1590 1639 1692 1672 belong
1705 1640 1751 1665 onl
1785 1646 1814 1665 to

189 1695 228 1718 20
240 1677 369 1714 insunt
390 1677 571 1714 continue
591 1689 713 1726 usque
734 1677 783 1714 ad
804 1684 942 1714 statum
964 1678 1224 1715 beatitudinis,
1265 1677 1314 1715 Et
1335 1678 1388 1714 ita
1408 1675 1576 1726 quelibet
1590 1673 1637 1698 the
1655 1649 1854 1705 Predesiinatffi

1589 1706 1645 1732 and
1658 1712 1687 1732 to
1700 1706 1776 1732 them
1791 1715 1854 1732 con-

240 1748 324 1784 talis
344 1747 526 1785 continue
547 1753 603 1784 est
622 1748 761 1796 gracia,
783 1754 818 1785 et
847 1748 1071 1797 inpossibile
1098 1754 1154 1785 est
1184 1748 1289 1797 quod
1313 1748 1483 1785 subiecto
1505 1757 1575 1783 suo
1588 1739 1825 1800 {fflffffiffh'fffim

241 1818 330 1855 insit
345 1818 468 1855 maior
482 1818 612 1867 gracia
625 1830 742 1867 quarn
759 1824 814 1856 est
834 1818 908 1864 illa,
923 1825 959 1855 et
975 1819 1070 1856 sicut
1088 1819 1249 1856 finaliter
1269 1819 1383 1856 faciat
1403 1818 1577 1855 ultimam

247 1889 498 1938 capacitatem
515 1889 554 1925 in
570 1888 691 1937 patria
712 1889 765 1926 sic
785 1889 965 1926 continue
982 1888 1042 1927 hic
1058 1889 1170 1926 faciat
1191 1889 1412 1926 societatem
1429 1889 1487 1926 vel
1501 1889 1576 1926 dis-

243 1958 484 2007 posicionem
505 1959 851 2008 correspondenter
872 1965 912 1996 ut
934 1960 1143 2009 adquiritur
1162 1960 1223 1998 hic
1248 1960 1286 1997 in
1307 1961 1377 1998 via.
1430 1959 1577 1997 Cristus

167 2052 182 2073 2
188 2053 204 2083 5
243 2035 372 2066 autem
389 2029 603 2067 secundum
621 2029 785 2078 primam
801 2030 973 2079 graciam
986 2030 1054 2067 fuit
1070 2031 1182 2080 plene
1198 2030 1318 2069 homo
1335 2038 1372 2069 et
1387 2031 1577 2080 perfectus

242 2099 296 2136 vir
319 2111 391 2149 pre·
418 2100 542 2149 primo
570 2099 726 2137 instanti
754 2113 820 2137 sue
850 2101 1125 2150 conceptionis,
1150 2101 1274 2139 Maria
1295 2114 1384 2140 vero
1405 2102 1469 2139 diu
1489 2109 1578 2150 post

243 2183 353 2209 suam
381 2170 675 2220 conceptionem
697 2171 736 2208 in
756 2172 899 2208 unione
920 2171 1048 2209 anime
1069 2179 1106 2209 et
1127 2173 1299 2221 corporis
1323 2173 1471 2221 accepit
1492 2185 1576 2210 esse

241 2241 419 2278 hominis.
463 2240 636 2290 Uterque
656 2247 786 2278 tamen
806 2242 919 2279 exivit
938 2242 1113 2280 sanctus⁷
1133 2255 1179 2280 ex
1201 2249 1321 2289 utero,
1342 2243 1410 2281 sed
1431 2243 1577 2281 Cristus

242 2318 427 2361 tanquam
447 2312 679 2349 inhabitator
699 2312 815 2349 totius
835 2312 1009 2350 ecclesie.

190 2410 231 2441 30
299 2381 533 2420 Redeundo8
558 2394 650 2431 ergo
680 2389 783 2431 patet
817 2382 923 2432 quod
958 2395 1092 2421 sensus
1122 2384 1284 2433 apostoli
1318 2391 1375 2421 est
1410 2396 1577 2423 asserere
1590 2390 1651 2428 The
1665 2395 1731 2422 text,
1747 2400 1757 2416 1
1772 2391 1834 2417 Pet-

1591 2432 1621 2449 11.
1636 2433 1725 2461 1-3-14,
1739 2424 1804 2449 thus

243 2464 376 2501 regem
406 2451 546 2489 debere
581 2464 834 2502 quoscunque
865 2453 961 2491 alios
992 2454 1031 2490 in
1062 2454 1210 2491 honore
1237 2455 1436 2492 mundano
1467 2467 1578 2504 prae·
1590 2457 1823 2522 ffizngykffisgegtusr

29 2522 124 2564 1Pet.
138 2521 232 2562 fi·17·
246 2522 391 2559 cellere.
448 2521 564 2559 Unde
594 2530 636 2559 20
663 2523 790 2559 subdit
814 2524 852 2560 in
879 2523 1018 2561 eodem
1042 2524 1209 2572 capitulo
1240 2524 1370 2562 Omnes
1394 2526 1575 2572 honorate,
1589 2532 1684 2561 P³⁵⁵e³
1697 2524 1733 2549 2¹¹
1744 2524 1839 2549 others

1588 2566 1616 2582 in
1635 2557 1753 2589 worldly

227 2592 509 2643 fraternitatem
542 2593 694 2641 dz‘lzgrzz‘e,
728 2594 831 2630 deum
866 2595 990 2639 timete,
1022 2607 1139 2643 regem
1173 2595 1406 2646 honorzficate
1417 2596 1440 2633 ⁹.
1498 2596 1575 2633 Ubi
1587 2590 1804 2650 Pffiffiss‘ssssojffn
1818 2624 1856 2656 by

1587 2665 1666 2682 verse
1677 2666 1716 2689 17*

288 2701 299 2719 ¹
324 2701 512 2743 procedens,
531 2711 565 2734 A.
626 2702 638 2719 ²
660 2703 814 2744 potuerit,
831 2711 862 2734 B.
931 2704 942 2721 ³
966 2705 1043 2745 quia
1051 2709 1116 2746 pro
1131 2715 1206 2746 qua,
1223 2711 1256 2736 A.
1325 2706 1335 2723 ¹
1359 2711 1390 2737 et
1398 2711 1462 2747 pro
1479 2707 1523 2745 in,
1540 2716 1573 2738 Α.

245 2752 257 2771 ⁵
278 2752 401 2785 habere
426 2758 488 2794 pro
514 2755 634 2794 gracie,
653 2763 687 2785 Α.
789 2753 801 2770 ⁶
823 2758 951 2786 tantum
975 2760 1039 2796 pro
1069 2761 1190 2796 tamen,
1217 2765 1250 2788 A.
1350 2756 1362 2774 ⁷
1385 2757 1487 2789 factus
1511 2764 1575 2800 pro

245 2809 386 2844 sanetus,
404 2813 437 2836 A.
528 2806 540 2823 ⁸
564 2805 753 2844 Reddendo,
773 2813 805 2838 Α.
895 2807 906 2824 ⁹
930 2807 1099 2847 honorate,
1119 2816 1147 2839 B.

869 2874 933 2899 ΒΖ
