2051 3299
702 203 767 234 DE
799 203 996 235 OFFICIO
1031 203 1183 235 REGIS.
1807 206 1885 248 227

282 307 473 353 catholica,
509 307 674 352 decrevit,
710 313 752 344 ut
795 320 896 344 nemo
933 308 1125 356 presbyter
1166 310 1417 345 excomunicet
1452 309 1608 357 aliquem

281 381 473 426 antequam
486 389 599 414 causa
611 378 802 426 probetur,
813 382 967 426 propter
991 391 1103 426 quam
1126 379 1363 415 ecclesiastici
1381 391 1532 415 canones
1545 379 1611 415 hoc

270 447 370 496 fieri
395 447 524 492 iubent,
545 453 581 483 et
602 448 768 485 ostendit
796 454 1078 496 consequenter
1109 454 1293 497 quantam
1325 461 1468 498 penam
1495 448 1609 486 debet
1622 454 1692 513 Egi?
1697 453 1856 513 3132(ng

64 524 106 554 L.
281 517 471 554 incurrere
493 517 564 554 hoc
585 517 819 555 ommittens.
876 517 926 554 Et
949 518 1051 555 idem
1073 518 1208 555 dicitur
1224 518 1261 555 ii.
1282 531 1319 567 q.
1341 519 1362 556 i.
1383 518 1502 556 Nemo
1517 520 1609 567 epis-
1622 521 1891 587 ffiaeofsorotrffiiciffigss

64 593 194 625 Decret.
212 599 244 624 c.
279 594 396 635 copus.
453 586 514 624 Ex
542 587 622 624 istis
653 593 756 636 patet
784 587 910 636 primo
936 588 1138 637 quomodo
1172 587 1390 637 Imperator
1421 589 1609 626 ordinavit
1622 587 1862 647 ggnlffifigfflgvffid

63 636 199 712 {¹¹32st
279 657 404 706 legem
443 663 742 695 concernentem
780 658 1059 695 execucionem
1098 659 1298 707 potestatis
1337 659 1540 708 spiritualis
1574 654 1707 696 etthem·

279 728 422 764 abusus
442 727 657 776 periculum
685 727 774 765 cleri
798 728 866 766 sui.
924 727 985 764 Ex
1010 740 1088 776 quo
1114 729 1354 766 convincitur
1375 729 1483 778 quod
1513 729 1611 766 sicut

278 797 409 834 habuit
436 809 550 847 super
576 810 641 835 eos
666 798 839 846 regimen
865 798 917 835 sic
944 803 981 835 et
1010 798 1236 836 dominium.
1295 798 1404 840 Patet
1437 805 1480 835 20
1511 811 1608 848 quo·
1621 807 1660 841 (2)
1672 808 1873 867 Thatatrlilplg³

1622 851 1765 868 SummODS
1779 851 1812 867 CB.
1835 851 1849 867 e

279 867 398 905 modo
419 868 604 917 probacio
632 880 747 905 cause
767 880 848 905 non
869 874 1114 905 contentatur
1134 868 1181 905 de
1201 868 1379 906 illusione
1402 868 1609 917 sophistica
1622 875 1710 934 ἰςυοξιῑιῖῗ
1723 875 1857 934 gissop's

226 955 266 977 10
278 937 376 975 facta
405 938 476 975 sub
505 938 638 975 modio
668 938 706 974 in
737 938 840 975 curia
869 938 1042 987 episcopi
1071 950 1139 987 per
1173 939 1484 976 abreviacionem
1513 939 1608 987 legis
1620 941 1885 1007 ffssffizffiffgjoof

278 1007 436 1053 domini,
474 1007 672 1045 monendo
711 1009 912 1045 absentem
951 1020 1083 1045 coram
1120 1008 1261 1057 ydiotis
1300 1008 1439 1057 primo,
1478 1014 1532 1054 20,
1573 1016 1610 1046 et

277 1077 409 1122 tercio,
455 1077 562 1126 quod
610 1077 737 1115 veniat
788 1077 958 1116 dicturus
1007 1090 1125 1127 quare
1182 1077 1474 1116 excomunicari
1526 1091 1612 1116 non

277 1145 440 1184 debeat1
487 1154 643 1196 propter
690 1154 887 1185 terrenum
935 1148 1107 1186 debitum
1156 1155 1223 1186 aut
1271 1149 1611 1186 inobedienciam²

277 1217 418 1255 factam
441 1224 548 1255 tanto
572 1218 779 1267 preposito.
837 1218 1002 1267 Oportet
1027 1219 1131 1256 enim
1157 1219 1265 1268 quod
1289 1231 1405 1256 causa
1435 1220 1481 1256 sit
1511 1219 1611 1257 clare

225 1304 263 1337 15
277 1294 368 1325 nota
394 1275 462 1325 toti
492 1289 653 1326 ecclesie
679 1295 715 1326 et
744 1289 926 1338 precipue
954 1288 1113 1326 ecclesie
1144 1289 1404 1338 triumphanti,
1429 1302 1478 1327 ne
1507 1290 1610 1339 epis-

59 1361 209 1402 Juvenal,
277 1370 398 1407 copus
424 1359 567 1396 incidat
594 1359 633 1395 in
659 1359 772 1396 istam
796 1359 1039 1396 blasfemiam
1066 1360 1333 1408 pseudocristi,
1355 1359 1422 1397 Sic
1449 1361 1528 1397 volo
1557 1361 1611 1397 sic

59 1404 129 1436 Sat.
148 1412 197 1435 VI'
276 1429 385 1475 iubeo,
406 1430 456 1465 sit
470 1436 545 1477 pro
573 1431 720 1466 racione
745 1430 925 1467 voluntas.
983 1429 1068 1467 Nisi
1098 1430 1203 1467 enim
1233 1430 1441 1479 episcopus
1472 1431 1605 1468 trium-
1618 1438 1878 1503 Ergegrsoalgffiogff

276 1498 429 1547 phantis
468 1499 637 1545 ecclesie,
673 1500 733 1537 cui
773 1500 841 1536 soli
881 1500 1065 1548 competit
1104 1500 1178 1537 hoc
1217 1501 1467 1549 privilegium,
1501 1502 1605 1550 prius
1618 1504 1827 1563 {ffetffigirsclffp
1840 1505 1873 1531 of

276 1571 465 1618 approbet
487 1582 644 1607 causam
674 1576 710 1607 et
736 1570 1013 1616 excomunicet‚
1041 1577 1097 1607 est
1125 1571 1444 1609 excomunicacio
1473 1572 1607 1620 damp-
1620 1571 1867 1636 graersgggffitgom-

224 1653 264 1676 20
277 1640 414 1676 nabilis
452 1640 638 1678 inferenti.
705 1639 754 1677 Et
792 1640 862 1677 hec
894 1640 998 1677 racio
1030 1653 1149 1690 quare
1182 1641 1423 1689 Augustinus
1457 1648 1607 1678 tantum
1621 1637 1885 1696 ffffljffi‘gssguthon

60 1725 238 1757 θεοὶ-Εἰς,
275 1710 401 1747 timuit
439 1711 735 1748 excomunicare
769 1711 965 1748 subiectos
1004 1718 1045 1747 ut
1084 1712 1262 1749 recitatur
1299 1725 1360 1758 24.
1395 1724 1432 1761 q.
1464 1713 1512 1758 iii,
1545 1712 1608 1749 ‘Si
1621 1720 1848 1786 {Eguvsvffievalg
1859 1720 1890 1779 SS(3

56 1768 217 1843 ἓξὲξ)
275 1779 417 1818 habes.'
474 1781 647 1817 Audistis
659 1780 683 1826 ³,
705 1781 839 1830 inquit,
862 1778 1050 1833 ali[qu]os
1071 1783 1205 1830 magni
1230 1784 1390 1819 nominis
1409 1784 1608 1819 sacerdotes
1621 1787 1767 1847 ggfflggnffi
1780 1792 1809 1813 to
1828 1795 1889 1820 pro-

97 1836 103 1842 ·
277 1864 491 1900 quemquam
513 1853 839 1890 anathematisasse
856 1855 1107 1901 peccancium.
1165 1853 1222 1889 Et
1238 1855 1276 1890 si
1283 1855 1392 1904 forte
1412 1859 1529 1891 essent
1550 1856 1606 1890 in-
1766 1841 1773 1848 ⁶

274 1924 457 1971 terrogati
471 1936 541 1959 non
562 1924 812 1972 reperirentur
821 1924 966 1972 ydonei
981 1924 1063 1960 inde
1092 1924 1242 1960 reddere
1265 1926 1463 1961 racionem.
1521 1924 1609 1974 Ego

222 2011 261 2043 25
275 1997 392 2029 autem
423 1994 462 2029 si
488 1994 571 2041 quzs
604 2006 627 2030 a
660 2006 714 2030 me
743 1994 915 2042 quesierit
943 1998 1068 2030 utrum
1099 1995 1199 2030 illud
1226 1999 1320 2031 recte
1338 1995 1427 2044 fiat,
1460 1996 1554 2043 quid
1578 2009 1607 2032 ez

274 2061 507 2111 respondeam
537 2076 609 2100 non
647 2064 800 2108 invenio,
834 2076 1035 2111 numquam
1052 2064 1189 2114 facere
1217 2065 1282 2101 lzoc
1311 2078 1427 2101 ausus
1456 2078 1537 2101 sum
1568 2066 1609 2102 de

258 2133 504 2182 facinoribus
531 2135 756 2170 unanimiter
784 2138 911 2170 contra
940 2135 1126 2170 ecclesiam
1151 2136 1386 2183 perpetratis,
1413 2136 1492 2171 nisi
1509 2148 1607 2184 gra-

274 2204 419 2240 vissime
456 2204 730 2241 commoverer&
787 2203 836 2240 Et
874 2216 989 2253 super
1023 2204 1095 2241 isto
1135 2204 1256 2241 fundo
1292 2217 1354 2241 me
1389 2205 1496 2254 quod
1535 2217 1608 2243 nec

274 2274 390 2310 credo
429 2285 587 2310 omnem
625 2274 1040 2311 excomunicacionem
1087 2286 1205 2324 quam
1248 2275 1371 2312 eciam
1410 2287 1512 2324 papa
1550 2276 1608 2311 in-

220 2359 261 2390 30
274 2343 398 2380 tulerit
435 2355 518 2380 esse
556 2344 707 2389 iustam,
738 2356 808 2381 nec
849 2345 1027 2393 approbo
1066 2345 1478 2382 excomunicacionem
1517 2345 1607 2383 sim—

273 2413 420 2463 pliciter
457 2414 528 2450 nisi
568 2415 770 2451 noverim5
801 2415 907 2463 quod
946 2426 1115 2463 persona
1154 2415 1475 2452 excomunicatur
1513 2422 1607 2465 aput

54 2495 107 2524 M.
272 2483 476 2521 ecclesiam
500 2483 810 2533 triumphantem.
870 2484 979 2522 Patet
1011 2492 1056 2533 30
1085 2485 1190 2534 quod
1218 2497 1354 2534 regum
1381 2492 1439 2522 est
1469 2497 1603 2522 cavere
1616 2493 1654 2531 (3)
1666 2494 1719 2519 We
1732 2503 1777 2520 see
1790 2495 1851 2520 that
1865 2494 1887 2520 it

1617 2535 1640 2552 ls
1655 2528 1702 2552 the
1716 2527 1819 2560 King's

271 2554 450 2603 precipue
494 2554 541 2591 de
575 2555 1005 2592 excomunicacionibus
1040 2567 1200 2592 suorum
1236 2556 1511 2604 episcoporum
1554 2568 1603 2593 ne
1615 2560 1887 2626 {iffetigffisffiffiger

271 2624 485 2674 improvide
513 2624 686 2662 inficiant
715 2636 875 2673 gregem
910 2637 1034 2663 suum.
1094 2624 1209 2662 Mora
1239 2627 1343 2663 enim
1373 2627 1601 2663 excomuni-
1615 2626 1671 2653 this
1685 2633 1794 2653 matter.

314 2720 324 2738 ¹
349 2720 456 2759 debet,
475 2729 508 2752 A.
614 2720 626 2737 ²
650 2721 946 2757 inobaudienciam,
965 2729 995 2753 B.
1096 2721 1107 2739 ³
1132 2722 1262 2757 audisti,
1279 2730 1313 2753 Α.
1417 2723 1429 2740 ¹
1454 2733 1600 2754 commo-

270 2777 367 2811 veret,
385 2781 419 2811 A,
438 2780 477 2810 B;
502 2782 732 2810 commoverer,
751 2783 791 2803 ex
808 2774 933 2803 Decret.
951 2783 1031 2803 corr.
1051 2773 1136 2803 Edd.
1230 2774 1241 2792 ⁵
1265 2774 1432 2810 moverim,
1451 2783 1482 2806 A.

901 2840 964 2870 Q2
