2051 3299
157 237 215 288 46

158 356 222 382 And
237 355 331 382 Christ
347 356 384 389 by

158 391 206 415 the
220 390 289 422 king
302 390 334 415 of
343 391 391 416 the

158 424 293 450 Romans.

156 633 248 659 There
261 631 381 658 remains

154 668 198 693 for
210 676 243 692 us
256 675 319 691 now
332 671 360 691 to
374 674 420 691 see

156 701 204 726 the
216 700 347 726 different

155 733 308 767 particular
320 732 414 759 duties

155 768 189 794 os
197 767 245 793 the
260 765 347 798 King.

155 817 248 842 Three
262 816 332 842 such

155 850 259 881 duties,

154 883 188 916 (i)
205 885 245 909 As
258 892 275 909 a
288 891 361 908 man.

158 925 202 958 (ii)
219 926 259 951 As
272 925 345 951 head
360 925 393 951 of

154 959 198 985 his
208 959 314 991 family.

153 1000 208 1034 (iii)
225 1001 265 1026 As
280 1000 364 1034 King.

154 1060 200 1085 All
213 1059 292 1085 these
305 1068 353 1085 are

153 1093 276 1119 reduced
290 1098 319 1119 to
332 1102 394 1124 one,

154 1127 161 1140 ‘
173 1127 257 1154 Serve
273 1126 356 1153 God!

154 1235 217 1261 The
232 1193 333 1267 Kirlig's
345 1234 417 1267 duty

155 1278 187 1295 aS
204 1278 277 1295 man.

149 1319 181 1350 (i)
193 1319 255 1344 The
270 1318 348 1351 King

152 1359 226 1379 must
242 1353 248 1365 ¹
258 1353 292 1378 be
305 1352 388 1378 wise.'

152 1627 227 1658 (The
240 1627 367 1653 instance
379 1627 412 1653 os

153 1660 305 1694 Solomon.)

147 2196 187 2228 (ii)
200 2196 325 2222 Because
338 2199 387 2220 not

147 2231 185 2256 all
198 2229 282 2261 kings
294 2237 341 2254 are

148 2263 285 2289 endowed
299 2261 367 2287 with

148 2297 266 2323 wisdom
279 2296 309 2321 of
319 2295 367 2320 the

150 2330 234 2360 Lord,
250 2329 389 2354 therefore

147 2364 183 2389 he
197 2368 270 2388 must
283 2363 331 2387 ‘be

149 2396 319 2423 instructed!

150 2552 180 2577 If
189 2551 236 2576 the
252 2550 330 2582 King
342 2549 394 2574 has

148 2590 197 2611 not
208 2583 392 2610 understand-

149 2619 197 2650 ing
211 2618 258 2643 the
272 2617 348 2643 chief

149 2652 226 2684 pearl
240 2651 271 2676 of
281 2651 329 2676 the

149 2685 285 2717 kingdom
299 2684 321 2709 is
336 2691 417 2716 gone.

861 245 926 277 DE
957 244 1152 277 OFFICIO
1185 243 1345 275 REGIS.

437 358 473 389 et
503 352 557 389 sic
589 350 738 388 Cristus
775 349 844 387 fuit
882 362 950 399 per
989 349 1140 397 Regem
1180 348 1404 385 Romanum
1435 346 1482 384 de
1512 345 1772 384 sacerdotibus

436 423 662 467 vindicatus,
701 434 835 471 ymmo
874 420 1043 470 sepultus
1082 426 1139 457 est
1172 431 1240 468 per
1278 419 1494 467 principem
1533 424 1569 455 et
1607 417 1771 454 militem

436 494 619 543 gentilem
639 505 687 530 ex
708 492 962 530 concessione
983 491 1135 540 gentilis
1152 490 1286 527 iudicis
1307 496 1441 527 contra
1462 488 1768 526 benivolenciam

436 563 692 602 sacerdotum.

490 629 649 666 HABITO
697 627 854 665 comuni
903 637 1080 664 sermone
1119 625 1166 662 de
1204 624 1418 662 maioritate
1466 623 1693 661 obediencia
1731 628 1799 668 et5

433 699 581 737 honore
621 698 756 736 fiendis
794 697 998 747 prepositis
1045 696 1242 745 utriusque
1282 696 1547 733 membrorum
1595 693 1766 739 ecclesie,

433 776 548 807 restat
568 769 695 806 videre
716 768 992 818 particulariter
1015 767 1054 803 in
1075 779 1154 816 quo
1176 773 1248 803 stat
1275 766 1375 815 regis
1395 766 1567 804 officium
1586 765 1627 801 in
1647 776 1771 813 quan-

434 846 515 878 tum
535 840 629 878 talis.
687 839 738 876 Et
757 844 863 889 patet
888 838 993 887 quod
1014 838 1094 874 eius
1114 837 1284 875 officium
1306 843 1378 874 stat
1405 837 1444 873 in
1471 837 1604 882 tribus,
1629 835 1772 872 scilicet

433 912 472 949 in
492 911 665 961 regendo
685 921 892 960 personam
912 908 1105 958 propriam
1122 908 1162 944 in
1182 914 1371 957 quantum
1391 907 1522 951 homo,
1539 907 1579 943 in
1598 906 1769 956 regendo

435 994 544 1020 suam
573 982 761 1030 privatam
791 980 976 1017 familiam
1010 979 1050 1016 in
1084 985 1273 1028 quantum
1311 984 1419 1027 pater
1451 968 1625 1023 familias,
1658 983 1695 1014 et
1727 977 1768 1013 in
1784 993 1824 1016 10

433 1052 602 1102 regendo
625 1063 735 1088 suam
755 1063 835 1088 rem
848 1050 861 1070 ¹
881 1049 1077 1099 publicam
1096 1049 1136 1085 in
1157 1055 1344 1098 quantum
1364 1060 1443 1085 rex.
1503 1047 1706 1094 Quantum
1720 1047 1770 1083 ad

433 1123 564 1160 omnia
584 1122 655 1159 ista
676 1121 788 1159 simul
808 1126 912 1170 patet
932 1119 1039 1169 quod
1058 1119 1189 1157 omnia
1209 1119 1272 1156 illa
1292 1118 1548 1156 reducuntur2
1579 1117 1628 1154 ad
1648 1128 1770 1154 unum

433 1194 642 1243 analogum
681 1192 786 1242 quod
818 1198 875 1229 est
902 1191 990 1228 Deo
1018 1191 1157 1228 servire
1188 1202 1357 1228 comune
1396 1190 1552 1227 cuilibet
1587 1196 1768 1227 creature.

435 1265 547 1301 quta
568 1263 658 1300 illud
679 1262 885 1310 archiregis
899 1261 1024 1298 David
1045 1267 1081 1298 et
1101 1261 1288 1310 prophete
1306 1260 1435 1297 eximii
1452 1259 1606 1297 Psalmo
1630 1266 1693 1296 20:
1713 1258 1771 1296 Et
1780 1262 1819 1291 11
1836 1262 1872 1291 b.

435 1349 531 1373 nunc
558 1347 659 1383 reges
680 1333 697 1353 ‘³‘
721 1334 920 1382 zbztellzlgz‘le,
942 1333 1147 1369 erudimini
1161 1333 1229 1380 qui
1244 1332 1416 1368 iudicatis
1435 1336 1584 1368 terram.
1625 1329 1770 1368 Servz’le
1783 1327 1833 1358 ΡΞ·
1851 1327 1883 1358 fi·
1905 1337 1952 1367 10,

432 1406 595 1444 Domino
622 1407 660 1442 z'n
691 1406 818 1441 timore
840 1408 873 1440 et
900 1404 1062 1440 exultate
1092 1404 1128 1439 ez'
1153 1415 1234 1439 cum
1261 1407 1424 1439 tremore.
1482 1402 1645 1451 Oportet
1665 1402 1768 1439 enim
1784 1378 1833 1401 11'

432 1488 575 1526 regem,
597 1474 652 1526 (et
673 1475 888 1524 specialiter
921 1480 1008 1522 post
1038 1473 1153 1510 Cristi
1183 1473 1481 1510 instruccionem
1513 1472 1579 1521 qui
1613 1478 1670 1509 est
1702 1483 1769 1508 rex

433 1544 586 1597 regum)
607 1546 749 1583 habere
771 1544 981 1594 specialiter
1002 1543 1248 1581 intellectum.
1298 1543 1393 1580 Ideo
1413 1543 1538 1591 primo
1560 1542 1695 1580 dicitur
1715 1542 1773 1579 Et

431 1630 529 1655 nunc
554 1629 654 1665 reges
683 1616 882 1663 intellegite.
942 1613 1057 1651 Unde
1087 1626 1152 1651 rex
1185 1613 1369 1651 Salomon
1399 1613 1546 1662 positus
1576 1613 1615 1649 in
1645 1612 1767 1661 adop-

431 1689 544 1728 cione
572 1687 619 1725 de
650 1698 885 1737 quocunque
919 1684 1142 1722 racionabili
1173 1697 1195 1721 a
1226 1684 1385 1722 domino
1417 1683 1651 1733 postulando
1685 1695 1764 1720 non
1782 1696 1821 1718 20

431 1759 561 1809 petivit
585 1758 858 1806 longevitatem
879 1756 1034 1793 divicias
1060 1754 1117 1793 vel
1144 1767 1258 1804 super
1282 1754 1459 1792 inimicos
1489 1754 1674 1800 victorias,
1700 1754 1767 1791 sed

433 1830 671 1880 sapienciam
709 1828 757 1865 ad
796 1827 857 1865 dei
895 1826 1086 1876 populum
1125 1825 1391 1875 regulandum.
1467 1824 1584 1871 Quod
1623 1824 1766 1874 placuit

430 1901 591 1938 domino
626 1899 851 1948 specialiter,
886 1897 977 1947 quia
1004 1909 1072 1934 eor
1102 1896 1267 1934 docibile
1291 1907 1576 1945 recognoscens
1607 1906 1764 1933 omnem

429 1970 665 2020 sapienciam
686 1968 789 2006 esse³
804 1981 826 2005 a
842 1968 1002 2005 domino
1017 1967 1232 2016 postulavit.
1254 1966 1363 2004 Patet
1376 1966 1533 2004 historia
1549 1973 1593 2014 30
1610 1965 1762 2014 Regum
1780 1980 1794 2001 1
1816 1971 1924 2014 Kings
1940 1973 1987 2005 iii.

429 2043 497 2080 iiio.
557 2041 634 2079 Sed
673 2040 762 2089 quia
802 2051 883 2076 non
925 2050 1062 2076 omnes
1102 2049 1213 2087 reges
1252 2037 1396 2074 habent
1434 2037 1489 2074 sic
1527 2037 1763 2085 sapienciam
1779 2022 1807 2054 ⁵·

429 2112 597 2150 infusam
631 2124 653 2148 a
688 2110 860 2156 domino,
897 2109 963 2146 sed
999 2114 1148 2158 oportet
1184 2119 1251 2145 eos
1285 2107 1426 2144 habere
1466 2107 1656 2155 sapientes
1686 2113 1765 2143 tam

429 2185 468 2221 in
498 2182 645 2220 iudiciis
684 2193 803 2231 quam
837 2192 859 2217 a
892 2179 1008 2216 latere
1042 2179 1275 2224 assistentes,
1309 2177 1398 2215 ideo
1431 2176 1602 2214 secundo
1637 2177 1765 2214 subdit

430 2253 659 2291 Erudz'mz'nz'
677 2253 746 2300 qui
762 2252 936 2287 iudicatis
957 2255 1107 2287 terram.
1148 2248 1311 2297 Oportet
1331 2248 1434 2285 enim
1454 2259 1564 2296 reges
1584 2248 1763 2297 precipue

429 2331 535 2363 extra
555 2323 758 2360 ruditatem
778 2323 959 2370 wlgarem
981 2332 1064 2358 esse
1084 2320 1231 2369 positos
1250 2319 1309 2356 vel
1328 2318 1345 2338 *
1363 2331 1433 2368 per
1445 2318 1574 2355 Deum
1595 2318 1652 2355 vel
1673 2319 1856 2367 per4F01.
1875 2325 1938 2358 117
1949 2327 1983 2357 b.

429 2395 616 2433 homines.
665 2393 761 2430 Ideo
777 2392 968 2441 sapiencie
985 2391 1058 2428 vi05
1079 2391 1215 2428 dicitur
1231 2390 1370 2427 Audite
1387 2403 1472 2437 ergo
1491 2402 1591 2437 reges
1605 2394 1639 2426 et
1656 2391 1759 2426 intel·
1773 2394 1878 2426 Wisd.
1895 2395 1936 2427 vi.
1959 2406 1985 2431 1,

429 2467 540 2514 lzgz'le.
600 2464 639 2502 Si
666 2464 769 2502 enim
793 2463 874 2512 regi
902 2475 1016 2511 supra
1041 2461 1229 2511 populum
1256 2473 1336 2498 non
1362 2460 1512 2497 infuerit
1538 2460 1765 2507 intellectus,

430 2537 497 2574 sed
517 2534 788 2573 inexcusabilis
810 2533 972 2570 stulticia
985 2545 1063 2581 quo
1077 2532 1125 2570 ad
1138 2538 1280 2569 etatem
1296 2538 1332 2568 et
1348 2543 1427 2580 quo
1448 2530 1497 2568 ad
1513 2530 1765 2580 prudenciam

429 2606 566 2656 regalis
595 2605 794 2654 regiminis
821 2603 948 2641 deficit
979 2603 1049 2640 sibi
1075 2602 1283 2651 margarita
1312 2608 1349 2638 et
1377 2601 1615 2650 pulcherima
1639 2613 1661 2638 a
1687 2613 1764 2650 qua

429 2688 592 2725 regnum
628 2675 930 2712 stabilimentum
964 2673 1157 2722 reciperet.
1215 2672 1310 2710 Ideo
1346 2672 1437 2709 dicit
1469 2672 1606 2709 beatus
1641 2671 1762 2708 Bern-

473 2764 483 2782 ¹
507 2774 567 2795 om.
592 2774 670 2801 rem,
690 2771 723 2793 A.
838 2762 850 2779 ²
873 2761 1041 2799 reducunt,
1059 2769 1093 2792 A.
1198 2760 1209 2777 ³
1235 2771 1254 2790 a
1277 2759 1413 2791 domino
1437 2769 1516 2798 esse,
1535 2766 1564 2789 Β.
1665 2758 1676 2776 4
1699 2770 1760 2792 om.

431 2820 538 2850 Deum
555 2818 605 2849 vel
623 2828 687 2858 per,
708 2826 742 2849 A.
832 2817 843 2835 ⁵
866 2822 911 2854 v⁰‚
930 2823 971 2854 A;
995 2815 1042 2846 vi⁰
1059 2815 1096 2846 in
1114 2825 1217 2855 marg.
