2051 3299
668 225 732 256 DE
765 224 960 257 OFFICIO
992 224 1148 256 REGIS.
1780 222 1859 266 159

252 330 387 367 dencia
418 330 565 366 numeri
600 329 658 366 vel
689 330 841 367 virtutis.
901 329 976 368 Sed
1010 330 1103 379 quid
1138 330 1347 368 minaretur
1381 330 1582 380 patencius

249 413 371 450 regno
392 401 567 437 ruinam?
616 400 811 439 Numerus
831 401 945 450 igitur
964 401 1053 439 cleri
1073 406 1223 449 aptatus
1244 401 1292 439 ad
1314 401 1581 450 possessiones

248 478 288 510 et
318 472 498 509 limitatus
528 484 597 520 per
626 472 832 521 episcopos
861 472 911 509 ad
930 472 1117 509 virtuosas
1147 473 1462 511 concertaciones
1491 484 1580 510 cum

251 542 506 592 spiritualibus
527 542 690 580 inimicis
711 542 885 580 redderet
904 554 1077 591 regnum,
1099 548 1178 579 tarn
1199 556 1246 580 ex
1267 543 1428 581 victoria
1460 555 1578 592 quam

32 617 79 647 E·
251 626 299 651 ex
315 613 494 650 derelicta
508 612 673 650 virtuosa
691 613 899 658 mundicia,
919 613 1141 662 gloriosum.
1187 613 1303 651 Unde
1320 626 1401 651 non
1418 613 1576 651 dubium
1591 621 1653 647 The
1666 620 1745 680 {ing
1755 626 1830 660 φρει

252 696 317 721 rex
356 688 505 720 tenetur
542 682 627 731 plus
661 682 840 720 edoctum
879 682 1070 720 defectum
1108 683 1148 722 in
1181 695 1342 721 numero
1377 690 1414 721 et
1444 684 1577 721 virtute
1590 660 1859 754 Ξὲἶξξὲἓξξὲξὲε

251 752 455 802 spiritualis
484 752 625 790 milicie
664 753 1009 802 correspondenter
1048 753 1095 792 de
1135 753 1326 802 stipendio
1374 753 1578 802 temporali
1592 756 1697 789 clersy-

252 823 473 863 subtrahere
487 836 496 869 ;
525 824 650 872 primo
667 824 755 873 quia
770 823 844 862 hoc
864 824 1070 873 pertineret
1089 825 1138 862 ad
1158 824 1384 874 precipuum
1404 825 1578 873 regimen

251 895 359 944 regni
380 895 436 935 sui
450 907 461 941 3
492 894 664 933 secundo
695 895 785 944 quia
816 895 922 932 aliter
952 895 1193 933 iniuriaretur
1222 895 1292 932 toti
1323 907 1444 944 regno
1464 895 1578 932 nimis

192 984 239 1006 '10
253 965 490 1014 culpabiliter
523 978 570 1004 ex
605 977 808 1004 consensu.
867 965 967 1003 Cum
1006 966 1109 1003 enim
1130 966 1224 1003 tales
1263 965 1400 1011 forent,
1435 966 1580 1004 nedum

251 1036 352 1075 sures
383 1043 419 1073 et
450 1036 630 1082 latrones,
652 1036 722 1074 sed
751 1036 802 1073 ad
826 1037 952 1074 tocius
975 1037 1083 1085 regni
1112 1037 1329 1074 maximum
1350 1037 1579 1086 dampnum,

251 1110 353 1146 bona
397 1107 506 1157 regni
548 1113 585 1144 et
633 1107 847 1156 specialiter
887 1120 1101 1157 pauperum
1138 1108 1338 1157 rapientes,
1379 1108 1579 1157 quomodo

252 1185 417 1217 servaret
441 1191 508 1216 rex
533 1178 648 1215 fidem
679 1178 755 1216 suis
785 1178 893 1227 legiis
924 1178 1069 1216 nedum
1099 1178 1312 1217 omittendo
1343 1178 1577 1225 subtrahere,

253 1250 320 1288 sed
340 1249 595 1295 defendendo,
616 1249 720 1286 bona
741 1262 906 1299 quorum
927 1250 1008 1299 ipse
1028 1257 1065 1287 et
1086 1261 1249 1298 regnum
1270 1256 1357 1286 sunt
1373 1249 1421 1287 de
1441 1250 1579 1287 talibus
1593 1256 1672 1323 ῙΙ-ζῐξῃνὲ
1681 1265 1733 1316 ξὲἓ
1743 1256 1863 1322 ffgpoor

203 1321 443 1366 15inimicis?
501 1320 605 1367 Quo,
637 1333 769 1369 queso,
802 1321 930 1359 colore
962 1321 1141 1371 spoliaret
1173 1333 1363 1370 pauperes
1393 1321 1502 1369 regni
1532 1320 1579 1359 de
1592 1323 1863 1383 ffiffggcg{·tffi¹iirle⁵0

254 1393 330 1429 suis
350 1391 557 1438 usibilibus,
579 1404 653 1440 que
673 1392 734 1428 vix
756 1392 810 1429 eis
831 1392 1035 1437 sufficiunt,
1057 1392 1214 1441 quando
1234 1398 1291 1429 tot
1310 1393 1416 1430 bona
1442 1404 1577 1429 eorum
1591 1390 1788 1450 ξνῑίῗξθζὲξεξθὸ
1805 1391 1862 1417 idle

252 1464 377 1500 iacent
406 1474 496 1500 cum
526 1463 782 1511 proditoribus
815 1463 958 1500 ociosa.
1014 1463 1066 1500 Et
1093 1463 1123 1499 si
1153 1469 1334 1512 queratur
1361 1462 1472 1500 huius
1492 1474 1580 1511 pro·
1594 1458 1728 1484 traimss?

252 1533 376 1578 bacio,
393 1545 483 1571 ecce
497 1533 691 1582 quantitas
706 1533 928 1580 dotacionis,
945 1534 1119 1583 paucitas
1139 1540 1176 1572 et
1195 1533 1406 1572 invalitudo
1421 1534 1581 1571 istorum

251 1604 427 1649 militum,
448 1603 708 1652 respondebit.
766 1603 885 1650 Quod
912 1605 943 1642 si
970 1604 1119 1642 dicatur
1144 1616 1211 1641 eos
1232 1616 1316 1642 esse
1335 1604 1483 1641 validos
1503 1616 1580 1653 quo
1594 1615 1657 1642 The
1670 1615 1811 1648 objection

199 1688 240 1709 20
253 1675 302 1712 ad
341 1675 466 1720 deum,
500 1686 612 1723 super
649 1686 728 1723 quo
766 1686 846 1712 non
885 1675 985 1713 cadit
1023 1675 1263 1724 improbacio
1301 1675 1359 1712 vel
1396 1674 1579 1712 iudicium
1594 1649 1862 1715 ssssirtffisctlfcfffgin

1594 1717 1641 1742 the
1655 1716 1730 1749 sight
1743 1717 1775 1743 of
1788 1716 1863 1746 God.

251 1745 476 1790 humanum,
508 1745 644 1794 primo,
677 1745 848 1794 inquam,
880 1745 978 1783 foret
1015 1745 1087 1782 ista
1126 1745 1323 1783 sentencia
1360 1757 1580 1794 repugnans
1593 1750 1771 1816 :gzlxigolvlssissh
1783 1759 1826 1777 we

250 1815 359 1853 factis
390 1816 561 1861 ecclesie,
594 1816 695 1865 quia,
728 1828 817 1853 cum
851 1828 931 1855 non
966 1816 1053 1854 licet
1081 1816 1378 1854 excomunicare
1406 1816 1479 1854 nisi
1509 1828 1579 1865 pro
1592 1826 1713 1876 ἓὲἓέἓξὲ
1726 1817 1796 1876 {21:12
1798 1817 1838 1876 gl)

250 1886 411 1932 mortali,
434 1887 465 1924 si
485 1886 676 1923 tolleretur
696 1898 812 1924 omne
832 1887 1016 1924 iudicium
1043 1887 1258 1925 humanum
1282 1887 1481 1936 probabile
1496 1885 1509 1906 1
1530 1887 1578 1925 de
1591 1884 1865 1950 ξζοεζζῇξῦξξζῐξῇῑδ

251 1957 414 2002 mortali,
445 1957 639 1995 tolleretur
671 1958 798 1995 omnis
828 1964 998 2006 potestas
1029 1958 1353 1996 excomunicandi
1384 1958 1442 1996 vel
1473 1951 1840 2017 alit21231ss1⁵1sslssssicssissssss

35 2034 321 2078 F01.148b.per
349 2041 532 2067 censuras
559 2028 859 2067 ec*clesiasticas
890 2029 1085 2078 puniendi.
1154 2029 1205 2066 Et
1238 2030 1389 2075 iterum,
1429 2029 1459 2067 si
1493 2035 1582 2066 sunt
1594 2018 1775 2051 (ii)be⁰²u⁵e‘
1790 2018 1815 2044 if

1595 2052 1663 2084 they
1676 2061 1747 2077 were
1761 2061 1801 2083 so,

253 2105 332 2136 tam
363 2100 458 2147 grati
478 2098 606 2137 Cristo
639 2105 680 2136 ut
711 2097 890 2144 referunt,
911 2099 1056 2137 nedum
1087 2099 1290 2137 redderent
1320 2100 1514 2137 racionem
1535 2099 1582 2137 de
1595 2085 1840 2118 theywmssdwd'

1596 2128 1674 2145 come
1687 2119 1846 2152 expropria-

244 2169 457 2207 -excessivis
488 2169 708 2207 elemosinis
739 2170 968 2208 secularium
1008 2170 1255 2207 dominorum
1290 2169 1357 2207 sed
1389 2176 1583 2219 gratanter
1595 2158 1664 2179 ‘¹⁰¹¹'

253 2246 498 2289 acceptarent
517 2240 842 2279 exoneracionem
858 2253 992 2279 eorum
1012 2241 1110 2278 ultra
1129 2241 1346 2279 necessaria
1368 2240 1417 2278 ad
1434 2247 1583 2278 susten-

253 2310 445 2348 racionem
478 2311 536 2348 sui
569 2311 694 2356 officii,
732 2323 866 2360 ymmo
902 2312 1138 2361 susciperent
1176 2312 1351 2360 rapinam
1389 2312 1583 2349 bonorum

202 2392 243 2423 30
254 2393 411 2419 suorum
433 2394 522 2419 cum
542 2382 695 2430 gaudio,
717 2382 747 2419 si
767 2382 976 2431 contingat.
1035 2382 1199 2420 Constat
1224 2383 1381 2432 quidem
1402 2383 1507 2433 quod
1528 2389 1584 2421 est

254 2452 302 2489 de
340 2451 577 2500 perfeccione
618 2452 731 2491 Cristi
774 2453 948 2502 discipuli
995 2453 1042 2490 de
1090 2453 1224 2502 paucis
1277 2453 1585 2502 temporalibus2

255 2523 480 2560 contentari.
540 2522 602 2560 Sic
635 2523 739 2561 enim
772 2529 899 2560 narrat
937 2524 1071 2561 beatus
1109 2524 1339 2572 Ieronymus
1378 2524 1425 2562 de
1463 2525 1585 2562 tribus

256 2593 411 2630 milibus
452 2593 736 2632 monachorum
785 2594 825 2631 in
866 2594 1010 2643 Egipto
1057 2600 1217 2643 propter
1259 2595 1418 2632 obolum
1467 2607 1585 2644 quem

39 2676 187 2717 Higden‚
256 2663 389 2701 habuit
408 2676 508 2702 unus
528 2664 744 2702 monachus
764 2665 802 2702 in
822 2665 978 2714 proprio
999 2665 1255 2714 congregatis.
1304 2665 1355 2702 Et
1371 2665 1587 2703 Cestrensis

38 2719 242 2804 ξὲῙζῖΞὲἳῖῖ·
256 2734 351 2780 libro
371 2740 412 2771 v0
433 2735 598 2784 capitulo
622 2741 691 2783 230
710 2743 838 2773 narrat
858 2736 964 2785 quod
985 2741 1073 2773 ante
1095 2735 1301 2773 adventum
1321 2737 1526 2786 Augustini
1548 2737 1587 2774 in

516 2815 527 2834 ¹
551 2816 779 2857 improbabile,
799 2825 833 2848 A.
1029 2817 1041 2835 ²
1060 2818 1273 2859 temporibus,
1291 2825 1324 2849 A.
