2051 3299
49 1235 97 1264 46
116 1235 150 1265 d.

54 2296 184 2330 Decret.

53 2342 178 2391 Lib3y.
193 2341 259 2373 Tit.

53 2394 162 2416 xxxm.
180 2395 207 2417 c.

55 2428 93 2458 28
112 2427 158 2468 [2].

689 210 753 241 DE
786 209 981 241 OFFICIO
1015 207 1170 239 REGIS.
1790 204 1870 246 225

266 314 381 352 vitam
403 314 585 363 operibus
605 314 758 360 credite,
778 326 856 363 quo
878 313 927 351 ad
955 312 1140 350 mandata
1160 312 1219 349 vel
1238 312 1342 361 leges
1365 311 1593 360 scripturam

265 385 464 430 consulite,
486 390 523 421 et
543 397 620 434 quo
647 384 696 421 ad
719 384 842 421 bullas
872 383 1015 420 famam
1036 389 1072 420 et
1091 382 1191 420 facta
1221 394 1386 431 persone
1406 382 1592 431 respicite.

266 454 483 503 Tripliciter
515 461 644 491 autem
679 454 866 503 contingit
905 453 1029 491 bullas
1059 465 1160 502 pape
1194 453 1383 491 falsificari
1418 452 1475 489 vel
1509 464 1592 489 esse
1606 454 1862 515 {gydsgsslatffgein-

265 524 470 562 invalidas:
514 525 638 574 primo
669 537 717 561 ex
745 524 819 562 hoc
848 523 953 573 quod
982 529 1089 572 pater
1119 523 1310 560 mendacii
1339 522 1477 559 excitat
1506 534 1591 570 per-
1605 522 1738 556 grounds·

1583 604 1590 612 ,
1608 593 1630 620 J.
1646 582 1690 620 By
1711 581 1758 619 tbe
1778 581 1876 607 devil’s

1583 621 1591 637 ³
1607 621 1772 648 instigation
1786 624 1822 640 an

266 664 437 702 secundo
483 677 530 701 ex
576 664 650 702 hoc
690 664 795 713 quod
841 676 907 701 rex
948 676 1062 713 super
1104 675 1240 701 omnes
1279 663 1376 700 filios
1416 663 1592 713 superbie
1606 650 1877 709 ξζῗξῑξῗξὲῐᾞΜΥ

235 600 382 633 5sonas
419 594 606 632 inhabiles
646 600 686 631 ut
725 593 993 643 impetrando1
1033 593 1225 641 decipiant
1262 605 1302 629 se
1348 599 1385 630 et
1423 604 1565 641 papam

265 741 423 772 excecat
443 746 637 772 summum
664 735 888 784 pontificem
913 734 962 772 ad
989 734 1203 784 improvide
1231 733 1509 782 preficiendum
1536 734 1590 770 in·
1607 732 1871 797 {Brffssgehggffion-

264 805 446 851 habilem,
468 805 663 842 credendo
690 805 874 842 blasfeme
896 805 999 854 quod
1021 805 1124 842 nuda
1148 804 1301 842 bonitas
1323 816 1392 841 sua
1411 804 1498 842 licet
1524 816 1595 853 pro
1608 799 1801 858 Ῐῇἶῖζῗῇιζξῗ

1608 865 1826 898 appointments.

1609 924 1632 947 3.
1652 914 1714 939 The
1731 914 1878 938 Mami-non

215 958 256 980 10
268 951 426 984 excecat
454 946 693 983 consiliarios
723 952 760 983 et
785 945 879 983 alios
911 947 960 983 ad
988 946 1136 983 facinus
1165 952 1427 995 procurantes.
1485 945 1596 982 Absit
1609 946 1879 1007 gglilssiscffiigsblinds

267 1018 393 1066 itaque
422 1029 526 1054 error
551 1029 629 1066 quo
653 1016 816 1054 creditur
844 1016 948 1066 quod
974 1016 1005 1053 si
1035 1017 1222 1066 episcopo
1257 1029 1327 1054 suo
1360 1029 1462 1066 papa
1487 1029 1595 1053 man-
1611 1030 1664 1067 Let¹
1678 1038 1714 1055 no
1727 1038 1780 1055 one
1794 1028 1862 1054 then

267 1087 440 1125 daverit2
472 1087 767 1125 excomunicare
794 1087 1006 1136 quemlibet
1030 1093 1072 1124 ut
1097 1093 1270 1125 teneatur
1299 1087 1434 1124 virtute
1465 1087 1597 1124 obedi·
1610 1062 1875 1155 {Jssiffiffississa-

1624 1139 1712 1156 lonsa
1744 1138 1766 1155 IS
1789 1138 1825 1160 ΟΡ

268 1158 373 1196 encie
403 1158 700 1195 excomunicare
730 1157 977 1195 conformiter
1007 1157 1057 1195 ad
1086 1158 1324 1195 mandatum.
1381 1157 1472 1195 Hoc
1495 1158 1598 1194 enim
1612 1163 1772 1223 {ssfflss‘ssvng}
1784 1163 1858 1221 3133

266 1229 362 1266 foret
382 1229 491 1278 peius
511 1229 551 1265 in
571 1240 661 1266 casu
674 1240 792 1277 quam
809 1228 1056 1277 corporaliter
1074 1227 1092 1248 ‘¹‘
1109 1241 1149 1266 se
1166 1229 1293 1278 ipsum
1306 1228 1364 1265 vel
1378 1228 1598 1278 proximum
1612 1230 1668 1256 and
1682 1230 1730 1255 the
1743 1228 1852 1261 exposi-

266 875 495 913 sufficiencia
514 875 678 913 racionis
691 887 700 922 ;
732 875 849 913 tercio
874 888 921 912 ex
947 875 1021 913 hoc
1046 875 1151 924 quod
1174 887 1359 912 mamona
1386 875 1595 924 iniquitatis

1611 1269 1671 1289 tion
1684 1264 1716 1289 of
1725 1263 1772 1288 the
1788 1261 1882 1288 Saints

216 1312 254 1344 15
269 1311 381 1336 suum
424 1298 610 1336 occidere.
681 1298 766 1336 Nec
810 1305 987 1336 tenemur
1024 1299 1180 1336 credere
1220 1299 1328 1349 quod
1370 1296 1871 1363 generaliter{zssggssjffdffis

267 1370 494 1408 obediencia
523 1376 682 1407 excusat
712 1381 734 1406 a
763 1369 935 1416 crimine,
966 1381 1055 1406 cum
1085 1369 1160 1418 legi
1181 1369 1255 1406 Dei
1275 1376 1312 1406 et
1333 1369 1600 1418 exposicioni⁸

267 1447 491 1478 sanctorum
517 1439 564 1476 de
598 1439 970 1476 excomunicacione
1001 1446 1152 1488 oportet
1181 1440 1267 1489 plus
1298 1440 1451 1477 credere
1482 1452 1601 1488 quam

266 1510 457 1548 mandatis
487 1522 598 1560 pape.
656 1510 767 1547 Absit
799 1516 842 1546 20
875 1510 1030 1548 credere
1062 1510 1215 1548 fidelem
1250 1511 1356 1560 quod
1391 1517 1471 1548 tam
1501 1509 1871 1560 perj-(2)Thatitisless

1613 1545 1736 1578 perilous
1749 1549 1779 1570 to
1791 1543 1871 1569 resist

267 1581 442 1618 culosum
480 1580 578 1619 foret
617 1581 692 1630 legi
730 1581 857 1630 papali
893 1581 989 1618 sicut
1023 1581 1098 1630 legi
1137 1581 1197 1619 dei
1226 1582 1401 1619 resistere
1440 1588 1599 1632 propter
1612 1578 1856 1645 §Gigdtlsslgssnoggfffi

216 1663 256 1685 20
269 1652 382 1689 istam
399 1652 670 1689 seduccionem
687 1652 794 1701 quod
815 1652 1019 1689 offendens
1035 1652 1074 1689 in
1094 1652 1221 1701 legem
1242 1654 1421 1702 papalem
1442 1653 1601 1702 punitur

273 1724 322 1762 ab
361 1734 408 1760 eo
447 1723 622 1760 acerbius
661 1734 777 1772 quam
821 1723 852 1760 si
897 1723 1155 1772 prevaricatus
1200 1725 1375 1762 restiterit
1417 1724 1602 1761 mandato

269 1793 427 1839 domini,
471 1794 525 1831 sic
564 1793 667 1830 enim
705 1793 791 1842 plus
828 1793 965 1831 timent
1008 1794 1148 1831 subditi
1186 1795 1601 1833 excomunicacionem

269 1864 441 1913 episcopi
482 1876 601 1913 quarn
646 1864 1057 1902 excomunicacionem
1088 1866 1160 1912 dei,
1200 1878 1317 1914 quam
1363 1872 1493 1903 tamen
1533 1866 1599 1903 de-

269 1935 405 1972 bemus
426 1934 580 1972 credere
599 1934 791 1970 infinitum
807 1935 892 1983 plus
909 1947 931 1972 a
947 1935 1121 1973 fidelibus
1142 1935 1439 1973 formidandam.
1487 1935 1599 1973 Absit
1613 1942 1650 1975 (3)
1664 1942 1739 1968 That
1753 1951 1794 1968 we
1807 1951 1855 1967 are

1613 1976 1709 2002 bound
1722 1981 1751 2002 to
1764 1975 1872 2001 believe

218 2017 255 2050 25
272 2012 316 2054 3⁰
337 2005 488 2042 fidelem
509 2005 663 2042 credere
688 2005 793 2054 quod
820 2005 907 2054 plus
932 2005 1069 2043 debeat
1095 2006 1199 2044 credi
1226 2007 1301 2055 legi
1321 2007 1379 2044 vel
1407 2007 1599 2045 mandatis
1612 2010 1853 2074 {iztlsssspsscffgffln

270 2076 473 2126 papalibus
495 2088 612 2125 quam
640 2075 775 2113 doceat.
799 2076 1006 2113 efficaciter
1033 2089 1116 2115 esse
1142 2077 1375 2115 racionabile
1405 2090 1453 2115 ex
1484 2079 1592 2127 scrip
1616 2077 1886 2142 {fflffcgsstgffffim

270 2152 367 2192 tura,
409 2158 497 2183 cum
545 2146 762 2183 secundum
801 2145 1063 2195 Augustinum
1112 2147 1239 2185 omnis
1277 2148 1415 2185 veritas
1465 2154 1521 2185 est
1564 2148 1603 2184 in
1616 2152 1725 2170 reamu-

272 2217 460 2265 scriptura
485 2228 601 2265 quam
629 2216 752 2264 magis
781 2217 947 2265 pertinet
975 2230 1077 2266 pape
1107 2230 1347 2267 cognoscere
1377 2224 1414 2255 et
1443 2218 1606 2255 auctori-

273 2286 365 2324 tati4
394 2286 474 2323 eius
504 2286 716 2333 intendere,
740 2299 829 2323 cum
859 2287 982 2324 eciam
1013 2288 1103 2336 quia
1131 2288 1237 2325 iuxta
1266 2288 1347 2325 iura
1376 2288 1529 2337 papalia
1549 2288 1607 2324 VO

274 2356 520 2394 decretalium
554 2357 601 2394 de
637 2357 844 2405 privilegiis
878 2364 989 2406 super
1022 2359 1166 2406 specula
1199 2358 1492 2397 Ecclesiasticus
1526 2372 1608 2397 non

275 2427 389 2464 debet
423 2426 624 2464 admittere
658 2427 763 2476 leges
798 2439 975 2464 cesareas
1013 2428 1086 2465 nisi
1126 2428 1173 2465 de
1208 2436 1354 2477 quanto
1390 2436 1608 2468 consonant

273 2497 349 2546 legi
384 2509 494 2546 pape.
553 2496 682 2534 Maior
715 2504 844 2535 autern
879 2504 934 2535 est
972 2498 1119 2536 Cristus
1158 2511 1273 2547 super
1310 2512 1454 2549 papam
1491 2513 1609 2549 quam

273 2567 354 2616 ipse
384 2579 497 2616 super
519 2567 729 2613 Cesarem3
765 2574 802 2605 et
831 2568 926 2605 sicut
956 2580 996 2605 se
1025 2568 1141 2606 habet
1170 2569 1302 2617 legifer
1331 2570 1380 2607 ad
1409 2570 1608 2619 legiferum

274 2639 328 2675 sic
362 2643 518 2686 oportet
552 2638 658 2686 quod
700 2650 739 2674 se
775 2638 915 2675 habeat
948 2639 1009 2675 lex
1042 2639 1091 2676 ad
1125 2639 1262 2688 legem.
1321 2640 1448 2678 Radix
1479 2648 1607 2679 autem
1621 2647 1683 2673 The
1696 2652 1757 2706 rotot
1770 2647 1862 2706 0.f10¹.1r

1621 2690 1719 2713 preSen
1750 2690 1793 2707 evl
1806 2690 1818 2706 S
1832 2690 1854 2706 lS

319 2728 329 2746 ¹
353 2730 386 2759 in
403 2729 569 2769 peccando
587 2734 653 2770 pro
677 2729 897 2771 impetrando,
913 2738 947 2760 A.
1080 2729 1092 2746 ²
1114 2741 1204 2772 papa
1226 2732 1427 2765 mandaverit
1450 2733 1608 2775 episcopo

275 2792 344 2819 suo,
362 2781 427 2812 ord.
449 2782 518 2811 inv.
537 2789 566 2812 Β.
672 2781 683 2799 ³
708 2781 927 2824 exposicione‚
945 2789 980 2812 A.
1084 2781 1096 2798 ¹
1120 2784 1325 2823 auctoritate,
1343 2793 1377 2815 Α.

915 2851 938 2880 Q
