2051 3299
169 209 249 247 204
867 205 933 236 DE
966 204 1164 237 OFFICIO
1197 204 1355 236 REGIS.

162 309 417 369 ᾗξθίῗὲἒῖᾗξὲἳξ
447 310 595 360 legibus
616 310 783 360 obligati.
835 309 896 347 sic
917 310 1018 347 enim
1040 309 1199 358 castigat
1220 322 1285 347 rex
1307 321 1574 359 quoscumque
1596 310 1634 345 in
1656 321 1776 358 regno

165 377 359 443 ἓξῇξὲζξῖῇζ
371 377 414 402 his
448 393 518 419 suo
547 393 665 430 vagos
695 380 841 418 validos
869 381 1050 418 ociantes.
1106 380 1418 429 Exproprietarie
1446 392 1535 417 vero
1565 380 1777 417 viventibus

163 453 258 476 power
270 444 303 470 of
316 443 433 477 holding

163 477 271 515 landjn
290 487 349 510 per—

163 512 385 577 ἣξξζξξῐξοζεὲ,
445 523 544 560 ciam
573 523 775 560 edificandi
803 523 967 571 privatas
996 523 1188 567 ecclesias,
1209 528 1245 559 et
1268 522 1494 571 generaliter
1524 522 1725 559 licenciam
1755 534 1777 558 a

163 578 410 638 fflccssissffgffhfflro‘
446 594 523 631 suis
552 594 659 643 legiis
688 594 918 631 elemosinas
948 593 1192 643 procurandi,
1214 600 1251 630 et
1279 600 1323 641 30
1349 593 1495 642 privata
1521 593 1715 642 privilegia
1742 599 1809 633 et5

163 645 225 671 law.

447 451 511 489 dat
534 465 600 489 rex
621 452 775 489 uberius
795 453 899 489 bona
918 452 1037 501 regni,
1059 458 1100 488 ut
1120 458 1213 501 puta
1234 451 1360 488 solum
1384 458 1583 500 perpetuat
1602 457 1639 488 et
1658 451 1776 488 licen-

446 665 610 714 speciale
640 665 872 702 beneficium
902 677 942 701 se
972 671 1009 702 et
1039 676 1106 701 sua
1136 665 1207 700 sub
1235 664 1342 713 regni
1369 664 1517 712 legibus
1539 662 1776 713 protegendi,

444 748 522 785 qua
541 737 785 785 proteccione
808 737 999 773 subtracta
1024 735 1196 772 illicitum
1215 735 1314 772 foret
1333 735 1388 772 eis
1407 746 1571 784 regnum
1600 734 1777 771 incolere.

163 801 435 873 ffissesssgffiphrssgfi
448 806 583 844 Habet
612 813 741 844 autem
772 806 896 844 clerus
923 820 945 844 a
970 807 1124 856 regibus
1153 806 1289 855 triplex
1319 806 1557 855 privilegium
1577 805 1636 842 vel
1664 805 1777 855 privi-

163 868 399 934 Ξὶῗπὲἰῗιέῗὲιῗὲῃῗξί
445 877 588 928 legium
618 878 805 928 speciale3
835 879 961 928 primo
991 877 1124 927 quod1
1154 883 1280 926 potest
1309 876 1566 914 iurisdiccioni
1594 888 1661 914 sue
1691 876 1778 913 sub-

164 935 309 968 prisoning
322 936 370 961 the
446 949 453 956 ·
854 950 860 955 .
1047 949 1054 956 .
1263 948 1269 955 .
1465 948 1471 955 .
1663 947 1669 954 .
1770 959 1777 966 .

166 969 267 1002 King's
280 969 404 1001 subjects
444 956 586 986 lectum
608 949 657 986 ad
676 948 805 986 locum
826 949 1030 986 distantem
1045 961 1084 985 1n
1102 960 1391 986 correccionem
1412 960 1537 985 anime
1554 960 1620 985 sue
1637 953 1751 985 eitare
1768 977 1777 993 ,
1794 956 1833 977 10

164 1004 208 1029 for
220 1002 348 1035 spiritual
1005 1020 1011 1026 .
1161 1020 1167 1026 .
1651 1019 1657 1025 .

164 1045 274 1063 causes.
445 1020 618 1058 secundo
648 1020 755 1069 quod
784 1026 911 1069 potest
940 1019 1059 1068 legios
1089 1032 1190 1069 reg1s
1215 1019 1264 1057 ad
1290 1019 1504 1057 tollendum
1533 1030 1778 1056 occasionem

445 1091 631 1140 peccandi
652 1103 753 1140 pena
771 1091 990 1140 pecuniaria
1010 1091 1171 1127 multare
1190 1104 1199 1136 ς
1230 1097 1266 1127 et
1290 1096 1333 1138 30
1354 1088 1483 1139 quod1
1503 1095 1628 1139 potest
1657 1088 1779 1137 legios

447 1162 559 1210 regis,
576 1162 698 1199 eciam
715 1162 926 1211 religiosos,
944 1174 1016 1211 pro
1033 1161 1217 1199 scandalo
1232 1161 1388 1198 vitando
1409 1161 1647 1198 incarcerare
1663 1174 1671 1197 :
1703 1172 1778 1209 que

446 1233 578 1270 omnia
597 1233 669 1270 tria
688 1240 824 1271 notum
844 1240 901 1270 est
930 1245 977 1270 ex
999 1233 1179 1270 civilitate
1208 1232 1430 1282 procedere.
1488 1231 1608 1278 Quod
1628 1232 1657 1269 si
1676 1231 1778 1268 falsi—

446 1305 616 1354 graphus
644 1304 840 1353 negaverit
854 1304 880 1351 ²,
900 1304 1026 1341 volvat
1055 1304 1181 1354 legem
1211 1303 1325 1341 Cristi
1355 1309 1392 1340 et
1421 1303 1588 1340 inveniat
1616 1303 1683 1340 ubi
1712 1302 1778 1339 ali·
1794 1311 1832 1343 15

447 1377 553 1426 quod
582 1377 743 1414 istorum
772 1376 887 1413 trium
917 1375 1020 1413 clero
1055 1388 1125 1413 suo
1161 1375 1393 1421 conceditur,
1425 1387 1518 1424 ymo
1552 1375 1626 1412 alia
1656 1374 1780 1411 forma
1794 1376 1824 1406 1.

447 1446 665 1497 corrigendi
698 1446 836 1484 Matth.
875 1449 933 1492 18,
969 1459 987 1483 2
1024 1446 1113 1484 Cor.
1148 1459 1170 1483 v
1208 1445 1379 1495 capitulo
1413 1446 1606 1483 limitatur.
1665 1444 1780 1482 Unde
1793 1445 1996 1477 Matt.xviii.

446 1519 544 1556 sicut
578 1531 646 1556 rex
678 1518 855 1556 concedit
889 1518 992 1555 clero
1027 1530 1099 1555 suo
1134 1517 1335 1555 licenciam
1371 1517 1419 1554 ad
1452 1516 1706 1554 habitandum
1739 1516 1779 1553 in
1795 1497 1906 1564 {51:01-
1921 1543 1951 1564 v.

444 1589 594 1626 unum³
621 1590 674 1627 sic
702 1589 878 1627 concedit
904 1590 957 1626 eis
983 1589 1183 1626 licenciam
1212 1588 1262 1626 ad
1287 1588 1473 1626 utendum
1500 1588 1582 1624 aliis
1611 1599 1687 1637 que
1717 1581 1874 1624 se-P‘m·

166 1672 422 1739 ffssffssg'ssivtiifgffi
446 1667 596 1698 cuntur.
654 1660 772 1706 Quod
801 1661 831 1697 si
860 1661 899 1697 in
929 1660 1057 1710 aliquo
1086 1660 1246 1697 istorum
1275 1659 1501 1709 deliquerint
1530 1672 1596 1696 rex
1627 1664 1776 1696 tenetur
1792 1668 1831 1691 20

166 1741 271 1772 drawn,
284 1740 434 1766 ifabused.
447 1730 496 1768 ad
530 1743 669 1780 pacem
703 1731 812 1780 regni
843 1737 880 1769 et
911 1730 1140 1768 servandum
1174 1731 1364 1768 iusticiam
1395 1731 1453 1767 sui
1483 1730 1572 1779 legii
1601 1729 1777 1766 iniuriam

446 1802 646 1847 innodare,
664 1802 753 1851 quia
767 1803 873 1839 iuxta
889 1803 1089 1840 decretum
1105 1803 1206 1839 beati
1223 1801 1416 1851 Gregorii,
1432 1802 1602 1851 positum
1616 1800 1665 1837 xi.
1679 1813 1714 1849 q.
1728 1800 1779 1846 iii,
1792 1807 1931 1890 Decre&

1794 1858 1825 1881 C.
1836 1858 1887 1880 XI.
1934 1875 1940 1880 .
1950 1858 1997 1881 111.

447 1873 689 1922 privilegium
713 1873 827 1910 debet
855 1874 1029 1910 amittere
1056 1873 1121 1923 qui
1149 1873 1222 1910 sibi
1252 1884 1437 1910 concessa
1466 1872 1633 1909 abutitur
1652 1877 1780 1920 potes-
1793 1905 1821 1926 c·
1838 1892 1891 1925 50·

166 1957 437 2018 Cigatiffiisfipused
449 1950 538 1982 tate.
596 1942 821 1994 Contingit4
850 1950 978 1982 autem
1011 1945 1115 1981 abuti
1150 1945 1274 1994 primo
1307 1944 1504 1993 privilegio
1539 1942 1696 1992 quando
1730 1942 1780 1980 ad

167 2002 191 2017 w
214 2001 248 2018 en
295 2001 309 2017 e
354 2001 425 2025 rngs

167 2026 436 2086 ffigxiee‘giioarciissssssi
450 2016 536 2053 loca
569 2022 718 2053 remota
746 2016 805 2053 vel
834 2016 979 2053 incerta
1009 2022 1073 2052 aut
1103 2017 1175 2053 sub
1205 2016 1277 2053 alia
1306 2015 1454 2053 cautela
1482 2022 1640 2052 vexatur
1678 2014 1778 2063 regis
1794 2026 1832 2058 25

166 2094 260 2126 places
273 2094 376 2152 forfthe
448 2087 568 2136 legius
582 2099 654 2136 pro
671 2087 836 2136 pecunia
856 2088 1132 2137 extorquenda.
1163 2087 1210 2124 In
1227 2099 1304 2137 quo
1319 2087 1440 2124 abusu
1453 2098 1542 2123 cum
1559 2085 1778 2122 iniuriarum

166 2136 316 2188 ffissffifeo
341 2136 389 2153 ex·
448 2159 495 2196 sit
516 2159 597 2208 regi
623 2158 671 2195 de
701 2170 768 2196 sua
797 2159 970 2207 pecunia,
992 2158 1039 2195 de
1070 2158 1197 2195 officio
1229 2170 1298 2195 suo
1328 2158 1434 2207 quod
1463 2158 1600 2195 iniuste
1620 2162 1779 2194 vexatus

447 2230 600 2267 interim
624 2230 705 2279 regi
732 2235 768 2266 et
793 2242 913 2278 regno
942 2230 1185 2279 persolveret,
1207 2235 1244 2266 et
1274 2230 1321 2267 de
1352 2229 1487 2266 iniuria
1517 2228 1673 2278 speciali
1703 2240 1780 2277 qua

447 2301 674 2338 laboricium
706 2313 728 2338 a
760 2301 975 2350 specialiter
999 2301 1241 2338 conducente
1272 2300 1515 2347 subtrahitur,
1536 2306 1640 2349 patet
1673 2298 1778 2349 quod

448 2385 514 2409 rex
535 2372 650 2409 habet
671 2372 718 2409 ad
740 2372 1010 2421 corrigendum
1031 2372 1291 2410 extorsionem
1312 2371 1530 2409 huiusmodi
1552 2371 1777 2421 precipuum
1792 2371 1833 2402 30

448 2444 641 2483 interesse.
701 2443 894 2481 Scrutetur
924 2444 1037 2492 igitur
1067 2444 1305 2481 adversarius
1344 2443 1548 2492 scripturas
1586 2448 1623 2479 et
1654 2441 1780 2478 videat

449 2515 479 2551 si
501 2514 647 2552 Cristus
668 2515 726 2551 vel
747 2515 911 2564 apostoli
939 2515 991 2552 sic
1020 2514 1200 2561 fecerunt,
1223 2515 1315 2564 quin
1342 2515 1475 2563 pocius
1502 2512 1779 2562 prohibuerunt

448 2585 542 2622 tales
559 2586 714 2623 iniurias
729 2586 876 2624 fiendas
896 2586 1098 2634 gentilibus
1119 2599 1167 2623 ne
1188 2598 1333 2627 nomen
1355 2585 1501 2623 domini
1521 2584 1777 2628 blasfemetur,
1792 2591 1889 2622 Rom.
1906 2591 1973 2622 xiii.

450 2662 555 2705 patet
576 2656 691 2694 Rom.
710 2657 786 2702 xiii,
804 2657 938 2694 Titum
953 2657 988 2693 vi
1009 2663 1045 2694 et
1065 2656 1224 2706 epistula
1245 2656 1293 2693 ad
1314 2656 1592 2693 Philemonem.
1643 2654 1777 2701 Quan-
1792 2635 1932 2709 {sstl'lgril

493 2753 502 2771 ¹
527 2758 616 2795 patet
631 2759 707 2785 ante
723 2754 822 2796 quod,
836 2754 909 2786 add.
924 2763 957 2786 A.
1049 2754 1060 2772 ²
1082 2755 1254 2792 notaverit,
1273 2762 1303 2786 13.
1392 2753 1404 2771 ³
1427 2764 1522 2784 suurn
1540 2757 1603 2794 pro
1619 2762 1728 2790 unum,
1742 2759 1777 2783 A.

446 2805 457 2823 ¹
482 2806 644 2848 Contigit,
662 2815 695 2840 A.
