2051 3299
243 644 261 676 5

56 790 100 819 31
116 790 152 820 d.

698 244 764 276 DE
795 245 989 277 OFFICIO
1021 244 1176 277 REGIS.
1800 244 1880 286 145

272 355 315 386 -et
335 349 466 387 Dario.
524 350 584 388 Sic
605 351 727 389 eciam
751 358 838 401 post
864 352 1176 389 incarnacionem
1206 355 1471 388 successerunt
1493 349 1600 387 multi
1616 358 1673 385 His
1687 359 1766 392 Holy
1780 358 1867 392 Spirit

1614 394 1670 419 and
1684 393 1731 418 the
1740 402 1833 425 power
1845 398 1876 419 to

275 420 535 470 Imperatores
556 422 603 460 de
624 429 759 471 quarta
778 422 1001 460 monarchia
1028 422 1108 460 sine
1121 421 1132 441 ¹
1153 421 1228 460 hoc
1248 422 1355 471 quod
1374 427 1600 470 receperunt
1614 427 1695 452 make
1708 427 1782 460 good
1795 427 1873 453 laws-

276 499 506 541 potestatem
544 505 566 530 a
612 494 869 532 sacerdotibus
917 494 956 530 in
1003 499 1246 531 sacramento
1294 492 1472 539 sensibili,
1513 505 1601 530 cum
1614 471 1806 564 {323ssssng
1819 480 1883 564 eton-

1647 548 1708 571 mgs
1720 547 1778 564 was
1791 547 1827 564 no
1853 547 1871 564 a

278 563 427 601 Cristus
458 565 621 614 apostoli
643 570 679 602 et
699 565 760 602 alii
785 565 907 602 sancti
937 570 1024 602 ante
1056 564 1300 602 dotacionem
1330 563 1489 601 ecclesie
1520 575 1600 601 non
1615 571 1876 633 ἓὶῐιὲὲὲῗοξήηιῑ-

278 642 594 684 presumpserunt
614 642 855 673 sacramenta
874 635 1094 673 huiusmodi
1124 635 1329 682 suscitare;
1359 640 1397 672 et
1417 635 1601 672 continue

277 712 484 755 postquam
504 707 597 744 ritus
616 707 686 744 iste
706 707 947 744 introductus
966 712 1024 743 est
1043 706 1092 743 ad
1112 706 1421 756 extorquendum
1446 706 1601 744 maiori-

276 782 395 814 tatem
432 790 533 827 pape
571 783 609 814 et
646 778 913 815 obedienciam
952 778 1092 814 cesaris
1133 776 1300 814 decrevit
1339 788 1547 814 romanum
1579 775 1599 795 ²¹⁵

276 848 490 897 imperium,
511 855 548 886 et
569 849 599 886 si
619 860 700 886 non
721 848 830 886 fallor
850 848 1012 886 decrevit
1039 847 1305 886 sacerdocium
1332 847 1540 885 occiduum
1561 847 1600 884 in

276 919 421 957 virtute.
479 918 517 956 Si
532 926 665 957 ‘autem
691 920 894 969 loquamur
914 919 961 957 de
982 918 1243 957 sacerdotibus
1267 918 1465 956 Aaronitis
1495 924 1601 967 patet

222 1010 263 1033 10
275 990 381 1039 quod
415 990 509 1028 deus
539 990 756 1028 immediate
787 990 953 1039 Moysen
991 990 1151 1028 instituit
1183 989 1436 1036 sacerdotem,
1467 995 1505 1026 et
1533 1001 1602 1038 per

57 1071 193 1102 Exodus

56 1124 167 1147 xxvm.
186 1123 212 1145 Ι.

59 1362 72 1384 1
93 1353 180 1386 Sam.
197 1365 228 1385 X.

59 1406 73 1427 1
89 1408 96 1435 ;
120 1397 183 1428 xvi.
200 1406 250 1437 13.

55 1443 136 1472 Fol.
144 1443 214 1471 144
224 1443 259 1471 b.

59 1494 75 1514 2
94 1484 203 1525 Kings
218 1484 261 1515 ix.

55 1527 87 1566 6,
106 1537 155 1559 11.

55 1712 187 1742 Decret.

55 1755 127 1786 Dis.
144 1762 221 1785 xxr.

54 1808 84 1830 c.
100 1807 112 1828 1
122 1822 129 1829 .

219 2065 257 2097 25

220 2423 261 2453 30

275 1072 364 1097 eum
391 1061 625 1098 consecravit
648 1061 781 1099 Aaron
810 1061 961 1098 fratrem
989 1073 1114 1107 suum,
1143 1067 1184 1098 ut
1211 1067 1315 1110 patet
1343 1060 1472 1098 Exodi
1506 1067 1696 1126 270;;1;11ἒὲἑ
1705 1066 1878 1133 ffffedJigatiigh

277 1131 343 1168 sed
362 1131 477 1181 longe
498 1138 586 1169 ante
606 1133 767 1170 instituit
787 1132 1003 1181 imperium,
1023 1131 1109 1169 licet
1128 1132 1331 1180 imperium
1351 1132 1409 1169 vel
1437 1141 1601 1180 regnum
1616 1134 1815 1200 {iigigsssgygpe

275 1203 315 1239 in
335 1202 456 1240 iudeis
478 1210 722 1249 successerat,
749 1215 821 1240 nec
849 1204 959 1240 obest
979 1202 1085 1252 quod
1105 1203 1200 1240 deus
1224 1202 1384 1239 instituit
1403 1214 1514 1251 reges
1535 1215 1602 1252 per
1615 1202 1831 1268 gssgegffitasngoes

274 1273 528 1310 ministerium
548 1274 791 1311 sacerdotum
807 1273 865 1311 vel
886 1273 1173 1323 prophetarum,
1191 1279 1233 1311 ut
1253 1279 1357 1323 patet
1377 1272 1426 1311 de
1444 1273 1601 1311 Samuel
1615 1269 1830 1336 {ss'guffgffifur‘

274 1356 352 1394 quo
386 1344 436 1381 ad
469 1344 559 1382 Saul
589 1350 627 1382 et
656 1344 781 1382 David
814 1357 829 1382 1
864 1344 961 1394 Reg.
994 1357 1019 1382 x
1049 1351 1087 1382 et
1114 1345 1207 1381 xvio.
1239 1344 1415 1393 capitulis
1428 1345 1453 1391 2,
1485 1350 1522 1381 et
1554 1344 1601 1381 de

274 1415 462 1453 unccione
491 1414 578 1452 Yeu
615 1428 686 1465 per
713 1415 982 1465 prophetatum
1011 1422 1193 1453 vocatum
1231 1415 1413 1453 insanum
1445 1413 1463 1434 *

1495 1421 1603 1464 patet

274 1485 321 1524 ivi
351 1486 448 1535 Reg.
476 1487 525 1524 ix.
585 1485 779 1536 Scriptura
807 1493 939 1524 tamen
969 1499 1049 1524 non
1079 1487 1169 1524 dicit
1200 1486 1306 1536 quod
1330 1485 1516 1535 prophete
1542 1486 1603 1524 vel

274 1557 493 1595 sacerdotes
524 1557 709 1595 dederant
742 1558 796 1595 eis
834 1569 1010 1607 regnum,
1045 1558 1113 1595 sed
1150 1564 1234 1595 esto
1273 1557 1381 1607 quod
1418 1569 1601 1606 expresse

275 1627 441 1665 diceret3
466 1627 686 1664 sacerdotes
715 1628 805 1665 dare
835 1628 988 1677 regibus
1017 1639 1137 1676 regna
1166 1639 1245 1674 sua,
1268 1626 1388 1664 modo
1417 1626 1601 1675 loquendi

274 1711 353 1748 quo
374 1698 569 1736 decretum
589 1698 690 1736 beati
711 1698 874 1745 Isodori,
888 1699 1056 1748 positum
1073 1710 1132 1736 21.
1152 1698 1200 1735 di.
1222 1697 1361 1744 Cleros,
1383 1697 1473 1734 dicit
1493 1697 1602 1747 quod

274 1770 447 1819 episcopi
485 1770 577 1807 dant
619 1769 795 1819 spiritum
842 1769 1080 1818 paraclitum,
1115 1769 1251 1818 supple
1298 1768 1444 1806 faciunt
1490 1769 1601 1817 signa

273 1841 562 1878 sacramentalia
580 1841 621 1877 in
641 1840 941 1878 confirmacione
961 1852 1050 1878 cum
1070 1840 1211 1890 quibus
1231 1839 1326 1877 deus
1345 1839 1409 1877 dat
1428 1839 1604 1888 spiritum

275 1918 464 1958 sanctum,
504 1912 554 1949 ad
591 1911 666 1949 hoc
705 1923 786 1948 non
824 1912 993 1961 sequitur
1031 1911 1139 1961 quod
1179 1910 1402 1948 sacerdotes
1440 1911 1492 1947 illi
1529 1910 1604 1948 sint

274 1983 430 2020 maioris
466 1983 702 2021 auctoritatis
740 1995 859 2032 quam
898 1995 964 2019 rex
1004 1983 1069 2032 qui
1106 1983 1156 2019 ab
1194 1982 1247 2020 eis
1286 1979 1462 2031 accepit4
1499 1981 1603 2019 hune

275 2054 458 2103 spiritum.
513 2053 628 2091 Unde
649 2054 699 2091 ad
718 2053 930 2091 tollendum
950 2054 1153 2091 cecitatem
1168 2053 1268 2090 illius
1283 2052 1437 2101 argucie
1456 2064 1603 2102 ponam

274 2124 409 2173 triplex
431 2124 662 2173 exemplum.
719 2124 896 2161 Primum
916 2136 982 2160 rex
1003 2130 1178 2161 terrenus
1199 2124 1264 2161 dat
1285 2123 1372 2160 duci
1391 2124 1450 2161 vel
1471 2123 1602 2160 comiti
1614 2131 1676 2157 The
1689 2130 1815 2157 minister

1613 2165 1737 2197 through
1749 2165 1843 2191 whom

276 2195 397 2233 iocale
422 2208 490 2244 per
515 2195 710 2241 nuncium,
730 2207 822 2244 ymo
854 2195 1036 2233 ducatum
1060 2193 1118 2232 vel
1145 2195 1371 2233 comitatum
1397 2206 1466 2243 per
1494 2194 1599 2231 iusti·
1613 2198 1873 2258 ξὲξέηξέεέἰιξῗῗςᾶ

275 2266 434 2304 ciarium
462 2266 521 2303 vel
553 2266 669 2303 alium
703 2266 931 2312 ministrum,
963 2272 999 2303 et
1029 2271 1159 2304 tamen
1194 2277 1274 2303 non
1312 2271 1466 2315 oportet
1496 2265 1600 2315 quod
1613 2266 1823 2331 gggglgffifacto
1835 2266 1868 2291 of

275 2337 447 2374 minister
467 2337 562 2374 dans
587 2337 658 2374 hec
681 2337 972 2374 ministerialiter
1000 2337 1048 2374 sit
1077 2337 1230 2374 maioris
1259 2336 1459 2386 potestatis
1483 2348 1599 2386 quam
1613 2333 1847 2399 ζξὲἓῗξῑὲζῒθῑῑς

277 2407 353 2445 dux
373 2408 431 2445 vel
459 2420 601 2446 comes.
656 2407 708 2444 Et
728 2419 876 2457 negans
896 2407 1003 2457 quod
1023 2407 1195 2445 minister
1218 2407 1282 2445 dat
1302 2408 1422 2445 modo
1442 2420 1511 2445 suo
1530 2407 1602 2445 hec

276 2478 502 2528 temporalia
539 2490 619 2516 non
658 2478 834 2515 fundabit
867 2478 971 2527 quod
1004 2478 1185 2516 sacerdos
1217 2478 1277 2516 vel
1315 2478 1504 2529 propheta
1537 2479 1603 2517 dat

276 2549 449 2598 spiritum
469 2556 644 2586 sanctum
664 2549 722 2585 vel
752 2548 854 2586 dona
875 2549 1095 2598 spiritualia.
1152 2548 1257 2586 Nam
1286 2550 1490 2599 utrobique
1519 2562 1602 2587 non

276 2626 332 2656 est
348 2620 421 2656 nisi
442 2619 553 2658 dacio
572 2619 841 2657 ministerialis.
902 2619 1123 2656 Secundum
1143 2620 1385 2669 exemplum:
1418 2621 1601 2670 simplex5
1614 2627 1784 2688 Tssesimrfsse
1794 2628 1880 2661 priest

1614 2671 1638 2687 W
1661 2671 1677 2688 Ο
1690 2671 1741 2688 COR
1755 2671 1828 2688 eSSeS
1841 2671 1872 2688 ΟΠ

278 2690 458 2727 sacerdos
478 2690 542 2728 dat
561 2690 601 2727 in
621 2702 712 2727 casu
732 2703 831 2740 pape
851 2690 1154 2737 absolucionem,
1177 2690 1425 2729 eukaristiam
1444 2692 1503 2729 vel
1529 2692 1601 2730 alia
1613 2695 1790 2723 administer-<1
1804 2696 1862 2723 the·

319 2785 330 2802 ¹
353 2785 421 2816 sive
436 2790 500 2826 pro
517 2785 598 2824 sine,
615 2793 648 2816 A.
727 2783 740 2801 ²
762 2785 925 2826 capitulis,
938 2796 999 2817 om.
1015 2793 1050 2816 A.
1132 2785 1144 2803 ³
1168 2785 1324 2817 deberunt
1339 2790 1405 2828 pro
1420 2786 1549 2825 diceret,
1569 2795 1599 2818 Β.

280 2836 291 2853 4
312 2837 443 2878 accipit,
460 2845 492 2869 Β.
582 2837 593 2854 ⁵
619 2837 771 2879 octuplex
786 2841 850 2878 pro
865 2837 1012 2878 simplex,
1031 2845 1064 2868 Α.

927 2906 950 2930 L
