2051 3299
170 229 246 258 122
874 229 937 259 DE
969 228 1160 260 OFFICIO
1193 228 1348 260 REGIS.

163 340 396 406 glfeffntffitglgup-
443 333 633 378 deficiunt,
673 340 709 370 et
756 333 859 370 illam
906 339 1135 382 potestatem
1184 333 1400 371 immediate
1447 333 1590 370 habent
1627 346 1649 370 a
1683 333 1769 371 de0.

162 407 406 473 ξζῐνΐνίῗὶἒξὴῑξῗὼθ
444 403 590 442 Cristus
621 405 724 442 enim
758 404 871 441 simul
902 404 970 441 fuit
998 417 1065 441 rex
1098 410 1135 441 et
1164 404 1354 449 sacerdos,
1385 404 1471 441 ideo
1499 405 1625 453 ipsum
1656 412 1771 454 caput

162 474 413 534 {Sicgffiglflffhriffl
442 474 570 512 habuit
583 476 686 512 unde
702 476 953 525 impertiretur
969 475 1118 524 utrique
1135 475 1292 512 brachio
1304 481 1542 524 potestatem.
1584 475 1658 513 Sed
1671 488 1771 525 papa

441 558 530 583 cum
550 558 628 584 non
649 546 763 583 habet
783 547 836 583 sic
864 552 1094 595 potestatem
1114 546 1291 594 portandi
1314 546 1486 595 gladium
1506 546 1669 584 vindicte
1690 559 1770 584 non

441 616 506 653 dat
521 617 648 666 ipsum
670 617 828 654 domino
845 617 1017 662 seculari,
1040 614 1171 654 sicud1
1202 629 1273 654 nec
1293 617 1473 666 graciam,
1496 617 1563 654 sed
1583 617 1769 654 ministrat
1783 628 1801 660 5

439 688 622 737 ungendo
643 688 700 726 vel
722 688 813 725 alias
834 688 1118 737 solempnitates
1138 688 1361 725 adinventas
1382 694 1506 737 preter
1532 689 1768 726 necessarias

440 758 686 796 conferendo.
744 758 793 795 Et
813 759 901 796 hinc
922 759 1128 796 innotescit
1147 759 1290 807 populo
1320 759 1426 808 quod
1456 771 1622 808 persona
1650 771 1768 808 quam

440 830 534 867 deus
554 830 657 879 prius
684 831 932 879 acceptaverit
962 830 1007 867 sit
1037 830 1261 879 Imperator,
1283 842 1361 875 rex,
1390 830 1467 867 dux
1491 830 1548 867 vel
1577 830 1767 876 dominus,

442 901 518 938 dati
558 901 716 939 dominii
755 901 949 939 secularis.
1006 900 1067 937 Ex
1106 901 1177 939 ista
1211 901 1357 938 videtur
1395 902 1590 938 sentencia
1628 901 1767 939 decreti
1781 905 1912 936 Decret.

164 982 218 1007 For
231 981 291 1007 that
305 982 352 1007 the
440 973 541 1009 xxiii.
555 985 590 1022 q.
604 973 665 1009 viii
681 973 720 1009 in
740 973 938 1021 principio.
986 972 1046 1008 De
1064 973 1247 1021 episcopis,
1264 972 1396 1021 inquit,
1413 973 1472 1009 vel
1487 973 1767 1021 quibuscumque
1781 948 1986 1033 {ffiffif‘xm'

161 1016 257 1048 clergy
270 1025 335 1047 may
348 1021 397 1041 not

161 1050 231 1108 1533
238 1049 429 1108 ῗὲιτῐὸιῖςοίεειῑ
441 1045 594 1090 clericis,
616 1045 715 1092 quod
730 1057 792 1080 nec
814 1057 883 1080 sua
909 1045 1124 1080 auctoritate
1153 1056 1215 1079 nec
1234 1041 1428 1080 Romani2
1448 1044 1639 1092 pontificis
1658 1056 1768 1080 arma

162 1117 351 1175 {Ommassdm
366 1116 406 1142 St·
441 1118 584 1165 aripere
622 1117 778 1161 valeant,
812 1117 939 1165 facile
974 1116 1167 1164 probatur.
1242 1114 1335 1152 Cum
1383 1116 1475 1151 enim
1518 1115 1667 1160 Petrus,
1706 1116 1776 1163 qui

187 1156 245 1175 eter
258 1156 287 1175 to
299 1156 350 1182 put
363 1159 401 1182 up

160 1183 209 1242 {¹1¹1}
215 1184 428 1249 {ggffinaggfby
434 1189 607 1236 princeps
653 1188 897 1236 apostolorum
944 1200 968 1223 a
1008 1188 1151 1223 domino
1180 1188 1325 1235 fuerat
1363 1187 1500 1231 electus,
1544 1187 1768 1223 materialem

160 1251 209 1277 the
222 1251 363 1283 Apostles.
437 1260 610 1308 gladium
630 1262 821 1304 exerceret,
840 1262 881 1295 ut
898 1259 1118 1306 magistrum
1135 1270 1158 1293 a
1174 1257 1371 1294 Iudeorum
1388 1257 1593 1307 defensaret
1610 1258 1765 1304 iniuria,

441 1331 611 1366 audivit:
647 1333 655 1348 ⁴
672 1329 849 1367 Converte
871 1328 888 1348 ’¹‘
905 1330 1077 1378 gladium
1106 1332 1208 1364 tuum
1238 1329 1277 1364 in
1307 1329 1495 1377 vaginam,
1529 1329 1646 1365 omnis
1673 1330 1765 1365 enim
1782 1329 1863 1360 Fol.
1876 1330 1944 1359 138
1955 1338 1986 1359 a·

440 1402 509 1449 qui
517 1402 688 1450 gladium
710 1401 889 1449 acceperit
899 1401 1029 1449 gladio
1048 1398 1207 1448 peribits
1265 1399 1325 1436 Ac
1344 1399 1402 1436 si3
1422 1403 1543 1448 aperte
1562 1400 1695 1436 diceret
1711 1401 1769 1437 ei:

440 1477 587 1509 actenus
606 1472 676 1508 tibi
689 1473 830 1520 tuisque
847 1471 1160 1520 predecessoribus
1180 1472 1344 1507 inimicos
1364 1471 1424 1507 dei
1439 1471 1629 1519 corporali
1638 1472 1768 1519 gladio

440 1545 548 1581 licuit
555 1545 757 1593 persequi,·
789 1544 952 1592 deinceps
971 1544 1009 1579 in
1029 1543 1233 1591 exemplum
1256 1543 1443 1591 paciencie
1460 1543 1631 1590 gladium
1652 1547 1765 1588 tuum,

441 1617 484 1652 id
498 1620 551 1652 est
566 1615 636 1652 tibi
652 1619 798 1651 actenus
818 1627 1031 1659 concessum,
1051 1615 1090 1650 in
1106 1614 1283 1662 vaginam
1304 1617 1467 1650 converte
1486 1618 1519 1649 et
1539 1614 1767 1662 spiritualem

441 1691 581 1724 tantum
593 1687 766 1736 gladium
780 1686 804 1731 4,
825 1686 893 1735 qui
907 1690 959 1722 est
976 1685 1123 1722 verbum
1144 1685 1210 1730 dei,
1228 1686 1266 1720 in
1288 1686 1540 1721 mactacionem
1556 1686 1684 1721 veteris
1699 1686 1768 1721 vite
1783 1693 1823 1714 20

439 1772 577 1796 exerce.
639 1757 767 1794 Omnis
786 1759 879 1793 enim
900 1758 968 1805 qui
987 1760 1110 1805 preter
1130 1756 1233 1792 illum
1255 1756 1313 1792 vel
1338 1757 1589 1792 auctoritatem
1609 1757 1685 1792 eius
1704 1756 1773 1804 qui

439 1831 602 1879 legitima
614 1833 788 1878 potestate
812 1830 941 1874 utitur,
964 1829 1038 1876 qui,
1061 1831 1103 1864 ut
1129 1828 1185 1863 ait
1210 1827 1404 1876 apostolus,
1436 1829 1528 1863 ‘non
1557 1828 1633 1863 sine
1652 1840 1767 1863 causa

434 1902 607 1951 gladium
634 1898 786 1950 portat‚'
821 1901 885 1936 cui
909 1901 1020 1936 eciam
1056 1900 1172 1936 omnis
1205 1900 1333 1935 anima
1366 1898 1510 1935 subdita
1540 1912 1613 1935 esse
1638 1900 1736 1936 debet
1746 1913 1765 1944 ,-

440 1974 567 2018 omnis,
590 1974 754 2021 inquam,
776 1972 845 2020 qui
858 1976 984 2020 preter
1003 1972 1079 2007 eius
1099 1972 1350 2007 auctoritatem
1375 1971 1549 2019 gladium
1579 1972 1765 2019 acceperit,

433 2046 564 2094 gladio
589 2044 739 2093 peribit.
801 2043 904 2079 Unde
933 2042 1180 2079 Ambrosius:
1207 2041 1333 2078 Arma
1367 2043 1524 2090 episcopi
1553 2042 1704 2078 lacrime
1733 2046 1768 2078 et
1781 2055 1818 2087 25

437 2117 623 2153 oraciones
651 2119 744 2152 sunt.
803 2114 894 2151 Item
915 2114 1033 2150 illua⁷⁵
1053 2114 1210 2162 apostoli
1228 2112 1337 2150 ‘Non
1358 2117 1492 2150 vosmet
1518 2114 1614 2162 ipsos
1642 2114 1763 2163 desen-
1777 2120 1823 2152 D.

437 2189 555 2224 dentes
585 2185 798 2232 karissznzi,’
820 2186 990 2235 quamvis
1019 2185 1183 2222 omnibus
1214 2185 1438 2234 generaliter
1465 2185 1622 2230 dicatur,
1653 2186 1765 2233 speci-

159 2255 292 2280 Thuswe
305 2254 405 2287 galbes
437 2260 546 2295 aliter
574 2262 692 2295 tamen
713 2258 872 2306 prelatis
901 2257 1123 2305 intelligitur
1150 2257 1296 2292 dictum.
1351 2255 1411 2291 Ex
1440 2256 1513 2292 isto
1537 2262 1643 2292 textu
1673 2256 1767 2292 mihi

157 2289 190 2321 (i)
204 2289 264 2314 that
277 2289 376 2320 priests

159 2321 425 2387 ffissrss‘ssjnfipggssgsss
437 2330 582 2368 videtur
601 2329 726 2379 primo
747 2328 852 2378 quod
872 2340 944 2364 nec
966 2327 1184 2364 sacerdotes
1205 2339 1275 2364 nec
1295 2326 1468 2376 episcopi
1487 2333 1574 2375 post
1594 2333 1760 2364 mortem

158 2390 353 2452 {ffllttlhgffgffg'
356 2398 418 2448 {³123st
438 2401 550 2439 Cristi
578 2405 794 2450 pugnarent
825 2398 1071 2447 corporaliter
1098 2398 1137 2434 in
1166 2409 1333 2447 persona
1362 2397 1515 2447 propria
1544 2397 1665 2435 eciam
1691 2410 1760 2446 pro
1776 2407 1817 2438 30

159 2458 206 2482 the
221 2457 274 2482 Old
290 2457 388 2481 Testa-
521 2473 527 2479 .
732 2471 738 2478 .
1437 2469 1443 2476 .
1732 2469 1738 2476 ,

159 2490 424 2516 ‚nentinstanoesto
436 2473 548 2510 bonis
579 2471 813 2508 naturalibus
844 2469 1142 2515 defendendum,
1174 2476 1211 2506 et
1240 2469 1360 2507 multo
1393 2481 1520 2506 mlnus
1548 2481 1618 2518 pro
1648 2470 1761 2507 bonis

159 2524 207 2549 the
221 2529 351 2555 contrary
361 2532 408 2549 are
628 2543 634 2550 .
857 2542 862 2548 .
1285 2541 1290 2546 .
1691 2540 1698 2547 .

158 2558 235 2583 ofno
248 2558 339 2588 force;
436 2542 710 2592 temporalibus
729 2542 788 2579 vel
808 2548 973 2591 primatu
985 2553 995 2587 ,·
1023 2553 1113 2578 cum
1133 2540 1267 2578 Petrus
1282 2546 1498 2589 increpatus
1516 2546 1574 2577 est
1594 2552 1616 2576 a
1637 2539 1762 2578 Cristo

436 2615 526 2663 quia
555 2614 671 2651 voluit
705 2614 820 2650 vitam
852 2613 932 2650 eius
965 2613 1017 2650 sic
1048 2623 1136 2649 cum
1167 2611 1295 2661 gladio
1324 2611 1520 2649 materiali.
1576 2611 1625 2648 Et
1658 2617 1762 2659 patet

437 2685 543 2735 quod
572 2697 652 2722 non
684 2685 872 2734 sequitur:
910 2683 948 2721 Si
980 2684 1083 2720 licuit
1113 2683 1236 2733 moysi
1267 2683 1445 2729 Samueli‚
1476 2681 1701 2720 Machabeis
1725 2688 1765 2719 et

481 2776 491 2795 ¹
517 2776 572 2807 sed
589 2781 654 2817 pro
675 2776 777 2814 sicud,
795 2783 829 2806 A.
933 2775 945 2792 ²
968 2775 1115 2814 Raeioni,
1136 2782 1168 2806 A.
1272 2773 1283 2791 ⁸
1306 2775 1344 2813 si,
1367 2784 1427 2806 om.
1445 2783 1478 2807 A.
1583 2773 1594 2791 4
1615 2773 1761 2815 gladium

439 2833 576 2868 tantum,
595 2837 629 2860 A.
718 2828 729 2846 ⁵
752 2827 841 2858 aliud
856 2832 915 2868 pro
933 2827 1023 2866 illud,
1042 2835 1075 2857 A.
