2051 3299
712 206 776 237 DE
808 205 1006 239 OFFICIO
1038 205 1195 238 REGIS.
1806 208 1887 250 203

69 320 254 395 Ngattxvii.
282 316 385 359 patet
416 309 554 347 Matth.
577 310 651 347 xvii
671 316 709 347 et
735 311 843 348 xxii0.
901 310 1016 348 Unde
1048 323 1138 349 cum
1170 310 1314 349 Pilatus
1341 310 1508 348 audisset
1535 310 1606 348 hos

70 374 87 404 3
121 374 129 399 ;
152 374 228 395 xxu.

71 416 120 440 Ἠ.
283 393 480 418 sermones
509 381 633 430 magis
663 381 795 427 timuit,
824 381 915 419 alias
945 388 1073 419 autem
1102 382 1373 419 accusaciones
1402 382 1540 419 abiecit
1567 387 1610 418 ut

282 451 445 489 frivolas.
504 451 605 489 Sicut
625 464 716 502 ergo
737 452 884 490 Cristus
902 452 971 489 fuit
991 452 1111 502 legius
1128 452 1297 490 Herodis
1318 458 1355 490 et
1377 452 1541 499 Cesaris,
1557 452 1610 489 sic
1624 459 1664 485 As
1673 457 1767 486 Christ
1777 459 1890 485 wasthe

1624 493 1763 526 liegeman
1776 493 1809 518 of

283 522 424 559 debent
453 523 743 572 exproprietarii
771 523 851 561 eius
881 523 1219 561 conversacionem
1249 523 1503 573 propinquius
1527 523 1611 560 imi·
1625 526 1893 586 {effiissstffigffsar

251 599 416 639 5tantes.
472 592 535 629 Ad
563 593 637 630 hoc
671 594 773 631 enim
806 594 909 631 venit
941 594 1164 631 humanitus
1192 606 1274 631 non
1311 594 1373 631 hic
1407 594 1612 631 ministrari
1624 592 1893 660 ζξᾷζζῐέζῗθοέξέἰ

67 669 165 700 Matt.
182 680 234 702 xx.
282 663 349 701 sed
376 663 589 701 ministrare
616 670 653 702 et
682 665 814 711 subici,
836 651 876 702 ut
908 665 1020 703 docet
1049 677 1141 703 suos
1168 665 1368 714 apostolos
1389 664 1527 702 Matth.
1547 678 1611 702 xx.
1627 661 1713 693 King·

70 713 119 745 ²8'
285 734 473 773 Condicio
511 735 638 785 itaque
679 736 932 785 perfeccionis
966 736 1174 786 apostolice
1212 743 1269 774 est
1308 736 1451 775 clerum
1491 736 1610 774 subici
1623 744 1896 811 {Zeclffgcttgofflf

284 805 443 844 domino
464 807 634 853 seculari,
654 808 743 856 quia
762 807 882 845 nostri
897 806 909 826 1
925 808 964 844 in
983 808 1055 845 ista
1073 808 1273 857 paciencia
1287 807 1460 845 vicerunt
1479 820 1609 857 regna,
1623 812 1812 871 {gffliagoffross
1820 811 1843 837 is
1855 820 1874 838 a

282 876 490 914 fundarunt
510 884 547 915 et
565 878 812 927 pacificarunt
836 878 1050 925 ecclesiam,
1073 885 1109 917 et
1128 878 1364 916 intendendo
1384 878 1551 916 civilitati
1572 885 1608 916 et
1618 879 1770 939 {Agssstoiic
1788 880 1892 912 perfec-

231 965 271 986 10
284 947 545 986 dominacioni
567 949 607 985 in
633 950 854 998 oppositum
883 950 1104 996 niterentur,
1125 956 1162 987 et
1191 949 1296 986 illam
1325 950 1609 987 subieccionem

283 1019 673 1068 exproprietariorum
695 1021 826 1058 vocavi
855 1027 969 1058 antea
998 1021 1287 1058 subieccionem
1307 1020 1366 1057 vel
1395 1021 1613 1058 servitutem

66 1099 223 1129 F01.160
233 1098 268 1128 b.
283 1090 568 1139 ewangelicam,
590 1103 670 1128 non
691 1091 848 1138 civilem,
870 1104 960 1129 cum
980 1090 1329 1141 ex*proprietarius
1350 1091 1463 1129 debet
1482 1104 1613 1129 carere

283 1161 468 1208 civilitate,
499 1161 587 1199 licet
623 1162 686 1199 alii
725 1175 840 1212 super
877 1176 925 1201 eo
963 1163 1257 1213 quodammodo
1272 1163 1287 1184 ²
1325 1163 1573 1202 dominentur
1586 1163 1610 1210 ⁸,

283 1231 400 1270 Unde
430 1245 519 1270 cum
551 1233 643 1271 illud
672 1233 888 1272 dominium
909 1235 955 1272 sit
976 1234 1056 1284 regi
1087 1234 1298 1284 preciosius
1311 1234 1324 1254 4
1344 1241 1381 1272 et
1401 1234 1451 1272 ad
1471 1234 1612 1272 stabili·
1624 1240 1687 1267 The
1702 1240 1780 1273 King
1792 1246 1867 1267 must

1624 1275 1732 1307 uphold
1745 1275 1789 1300 his
1802 1275 1873 1301 lord-

231 1321 269 1354 15
283 1310 457 1341 mentum
476 1305 646 1343 notabile
665 1306 775 1355 regni
795 1306 863 1352 sui,
885 1306 1000 1344 debet
1019 1306 1146 1356 ipsum
1173 1305 1378 1344 defendere
1394 1313 1430 1344 et
1450 1306 1613 1344 subditis
1624 1308 1729 1368 {¹¹1}ssssss
1743 1308 1799 1335 this

282 1376 359 1414 suis
391 1376 559 1414 officium
592 1377 826 1415 conveniens
859 1378 1034 1415 limitare.
1102 1377 1350 1415 Conveniens
1389 1378 1474 1415 dico
1515 1390 1613 1427 opus

283 1459 352 1485 suo
379 1448 490 1485 statui
516 1460 734 1498 congruum
762 1449 985 1495 limitando;
1016 1455 1168 1499 oportet
1203 1449 1307 1486 enim
1336 1449 1443 1498 quod
1474 1461 1613 1487 omnes

282 1519 373 1569 legii
402 1520 502 1568 regis
535 1521 616 1570 regi
649 1526 686 1558 et
723 1532 845 1569 regno
885 1521 1049 1558 serviant
1081 1520 1203 1558 modo
1239 1532 1320 1558 suo.
1381 1520 1482 1558 Cum
1520 1533 1612 1571 ergo

283 1591 485 1628 servicium
521 1591 671 1629 illorum
710 1592 757 1629 sit
795 1592 920 1630 carnis
952 1598 1055 1641 patet
1093 1592 1199 1642 quod
1238 1591 1464 1641 diligencius
1498 1592 1613 1630 debet

230 1678 270 1700 20
284 1662 423 1699 servari
442 1663 482 1699 in
506 1663 581 1700 suis
600 1663 793 1701 limitibus.
852 1662 1068 1702 Contencio
1088 1669 1217 1700 autem
1247 1669 1305 1700 est
1333 1663 1437 1713 apud
1461 1664 1612 1713 logicos

283 1739 408 1770 utrum
446 1734 640 1771 subiectus
685 1734 849 1772 civilitati
890 1735 1038 1784 passive
1081 1735 1218 1772 serviat
1256 1734 1412 1772 civiliter
1450 1735 1612 1774 domino

283 1804 452 1850 seculari,
469 1805 577 1842 sicud
596 1804 738 1843 faciunt
757 1806 861 1843 bona
882 1805 1046 1852 fortune,
1069 1805 1155 1844 licet
1175 1818 1255 1844 non
1275 1813 1439 1856 possunt
1455 1807 1612 1845 civiliter

67 1880 113 1908 H·
282 1875 483 1914 dominari.
567 1875 768 1923 Quantum
815 1876 865 1914 ad
909 1877 1154 1925 alienigenas,
1199 1877 1326 1917 eciam
1382 1878 1608 1923 cardinales,
1622 1886 1716 1912 Asfor
1727 1886 1891 1919 foreigners,

1621 1929 1652 1945 so
1665 1920 1740 1953 long,
1753 1929 1784 1946 as
1796 1921 1835 1952 by
1845 1921 1893 1946 the

282 1946 428 1984 videtur
466 1947 560 1984 mihi
598 1947 706 1997 quod
742 1947 926 1998 quamdiu
963 1947 1216 1986 licenciantur
1249 1961 1272 1986 a
1305 1961 1394 1998 rege
1434 1947 1841 2020 calcarffffiienyg’tsrssffffffl}

231 2024 269 2056 25
284 2017 408 2055 solum
438 2030 561 2064 suum,
583 2018 723 2056 habere
750 2019 944 2056 vescibilia
972 2020 1081 2069 regni
1110 2020 1181 2067 sui,
1201 2026 1239 2057 et
1267 2026 1446 2058 tenentur
1474 2020 1609 2058 mode·
1623 2021 1892 2081 iffiffi‘loassssserve

284 2101 367 2126 rare
383 2101 423 2127 se
443 2102 492 2127 ne
512 2090 713 2128 offendant
733 2090 772 2127 in
793 2090 917 2139 legem
938 2090 1038 2140 regis
1050 2091 1107 2128 vel
1127 2103 1304 2141 regnum,
1325 2097 1414 2129 sunt
1432 2091 1610 2130 homines
1623 2088 1671 2148 ἓξ
1680 2089 1845 2156 ltfflskfflg

283 2158 398 2209 legii⁶
430 2160 515 2198 talis
545 2160 656 2210 regis.
724 2161 775 2198 Et
809 2167 912 2210 patet
945 2167 1040 2211 quot
1072 2168 1160 2199 sunt
1190 2162 1333 2211 gradus
1365 2162 1436 2200 sub
1471 2163 1611 2212 quibus
1623 2165 1696 2184 “²³¹²-

283 2231 461 2269 homines
496 2231 700 2269 deveniunt
730 2232 817 2281 legii
847 2244 981 2282 regum
1012 2239 1122 2281 terre,
1155 2240 1313 2282 propter
1350 2233 1457 2283 quod
1491 2233 1612 2271 sensi-

283 2302 406 2340 biliter
424 2303 624 2352 loquentes
653 2303 763 2340 non⁷
782 2304 983 2342 attendunt
1010 2304 1082 2341 nisi
1109 2304 1159 2341 ad
1184 2316 1317 2354 grosse
1337 2310 1374 2342 et
1394 2305 1613 2342 notabiliter

67 2381 114 2411 42
131 2381 166 2412 d.
283 2374 405 2423 legios
436 2372 455 2393 ’¹‘

283 2451 435 2494 oportet
466 2458 600 2495 regern
633 2458 769 2484 omnes
803 2446 897 2484 tales
934 2458 982 2483 ex
1020 2446 1258 2484 humanitate
1295 2452 1360 2483 tua
1397 2452 1610 2496 protegere,

485 2386 649 2423 regnum
678 2374 837 2412 civiliter
865 2375 1088 2413 incolentes.
1147 2374 1225 2413 Sed
1254 2382 1400 2413 certum
1436 2381 1493 2413 est
1521 2388 1612 2413 cum

283 2516 471 2554 beneficia
508 2517 617 2567 regni
660 2517 719 2556 sui
762 2517 926 2555 tribuere
963 2523 1001 2555 et
1039 2517 1089 2555 ad
1125 2517 1443 2555 observacionem
1481 2517 1611 2568 legum

283 2585 434 2636 patrie⁸
459 2587 671 2635 cohercere,
693 2588 799 2638 quod
827 2595 915 2626 sunt
943 2588 1030 2638 legii
1060 2588 1171 2637 regis,
1193 2588 1264 2625 sibi
1292 2588 1436 2627 subditi
1465 2595 1502 2626 et
1531 2589 1610 2626 suis

326 2701 337 2720 ¹
358 2703 473 2742 nostri,
489 2714 550 2735 om.
566 2711 601 2736 A.
689 2702 702 2720 ²
716 2703 817 2735 modo
834 2707 908 2744 post
922 2703 1177 2745 quodammodo,
1194 2704 1267 2736 add.
1286 2712 1320 2737 A.
1420 2702 1432 2720 ³
1447 2704 1608 2736 ducuntur

276 2759 341 2796 pro
357 2755 574 2795 dominentur,
591 2763 622 2788 Β.
712 2755 724 2773 4
739 2756 937 2797 preconsiuS,
951 2763 985 2786 A.
1073 2755 1086 2773 ⁵
1102 2756 1232 2796 calcari,
1249 2765 1283 2788 A.
1372 2757 1384 2775 ⁶
1398 2756 1489 2798 legii,
1499 2767 1560 2789 om.
1572 2765 1607 2789 Α.

284 2805 297 2823 ⁷
318 2817 394 2839 vero
410 2811 474 2849 pro
487 2818 564 2848 non,
580 2816 614 2840 Α.
703 2808 715 2827 ⁸
736 2809 841 2850 prime
856 2812 920 2849 pro
935 2808 1051 2849 patrie,
1068 2816 1101 2839 A.
