<?xml version="1.0" encoding="UTF-8"?>
<!DOCTYPE html PUBLIC "-//W3C//DTD XHTML 1.0 Transitional//EN"
    "http://www.w3.org/TR/xhtml1/DTD/xhtml1-transitional.dtd">
<html xmlns="http://www.w3.org/1999/xhtml" xml:lang="en" lang="en">
 <head>
  <title>
</title>
<meta http-equiv="Content-Type" content="text/html;charset=utf-8" />
  <meta name='ocr-system' content='tesseract 3.04.00' />
  <meta name='ocr-capabilities' content='ocr_page ocr_carea ocr_par ocr_line ocrx_word'/>
</head>
<body>
  <div class='ocr_page' id='page_1' title='image "./tractatusdeoffic00wycl_0250.png"; bbox 0 0 2051 3299; ppageno 0'>
   <div class='ocr_carea' id='block_1_1' title="bbox 187 198 1361 244">
    <p class='ocr_par' dir='ltr' id='par_1_1' title="bbox 187 198 1361 244">
     <span class='ocr_line' id='line_1_1' title="bbox 187 198 1361 244; baseline -0.006 -9"><span class='ocrx_word' id='word_1_1' title='bbox 187 207 271 244; x_wconf 84' lang='lat'>214</span> <span class='ocrx_word' id='word_1_2' title='bbox 878 201 942 231; x_wconf 90' lang='lat' dir='ltr'>DE</span> <span class='ocrx_word' id='word_1_3' title='bbox 974 199 1172 231; x_wconf 90' lang='lat' dir='ltr'>OFFICIO</span> <span class='ocrx_word' id='word_1_4' title='bbox 1206 198 1361 230; x_wconf 86' lang='lat' dir='ltr'><strong>REGIS.</strong></span> 
     </span>
    </p>
   </div>
   <div class='ocr_carea' id='block_1_2' title="bbox 183 300 1784 378">
    <p class='ocr_par' dir='ltr' id='par_1_2' title="bbox 183 300 1784 378">
     <span class='ocr_line' id='line_1_2' title="bbox 183 300 1784 377; baseline -0.004 -33"><span class='ocrx_word' id='word_1_5' title='bbox 183 318 415 377; x_wconf 42' lang='lat' dir='ltr'>ffheiigowapgg-</span> <span class='ocrx_word' id='word_1_6' title='bbox 464 307 621 345; x_wconf 85' lang='lat' dir='ltr'>fecciorl</span> <span class='ocrx_word' id='word_1_7' title='bbox 643 306 700 344; x_wconf 89' lang='lat' dir='ltr'>vel</span> <span class='ocrx_word' id='word_1_8' title='bbox 722 305 928 355; x_wconf 87' lang='lat' dir='ltr'>perfeccior</span> <span class='ocrx_word' id='word_1_9' title='bbox 949 317 996 341; x_wconf 85' lang='lat' dir='ltr'>ex</span> <span class='ocrx_word' id='word_1_10' title='bbox 1014 304 1217 341; x_wconf 90' lang='lat' dir='ltr'>dotacione</span> <span class='ocrx_word' id='word_1_11' title='bbox 1235 303 1401 340; x_wconf 80' lang='lat' dir='ltr'>Cesarea</span> <span class='ocrx_word' id='word_1_12' title='bbox 1421 308 1458 339; x_wconf 94' lang='lat' dir='ltr'>et</span> <span class='ocrx_word' id='word_1_13' title='bbox 1479 313 1657 351; x_wconf 90' lang='lat' dir='ltr'>suppono</span> <span class='ocrx_word' id='word_1_14' title='bbox 1679 300 1784 350; x_wconf 91' lang='lat' dir='ltr'>quod</span> 
     </span>
     <span class='ocr_line' id='line_1_3' title="bbox 195 361 415 378; baseline -0.009 -1"><span class='ocrx_word' id='word_1_15' title='bbox 195 362 237 378; x_wconf 78' lang='lat' dir='ltr'>eSS</span> <span class='ocrx_word' id='word_1_16' title='bbox 269 361 331 377; x_wconf 83' lang='lat' dir='ltr'>ssWl</span> <span class='ocrx_word' id='word_1_17' title='bbox 408 367 415 370; x_wconf 98' lang='lat'>-</span> 
     </span>
    </p>
   </div>
   <div class='ocr_carea' id='block_1_3' title="bbox 184 372 2051 1846">
    <p class='ocr_par' dir='ltr' id='par_1_3' title="bbox 184 372 1786 424">
     <span class='ocr_line' id='line_1_4' title="bbox 184 372 1786 424; baseline -0.006 -6"><span class='ocrx_word' id='word_1_18' title='bbox 184 386 238 418; x_wconf 75' lang='lat' dir='ltr'>lige</span> <span class='ocrx_word' id='word_1_19' title='bbox 260 385 377 423; x_wconf 59' lang='lat' dir='ltr'>theram</span> <span class='ocrx_word' id='word_1_20' title='bbox 390 393 450 416; x_wconf 81' lang='lat' dir='ltr'>pro·</span> <span class='ocrx_word' id='word_1_21' title='bbox 464 379 642 423; x_wconf 75' lang='lat' dir='ltr'><strong>dicerent,</strong></span> <span class='ocrx_word' id='word_1_22' title='bbox 666 376 772 415; x_wconf 92' lang='lat' dir='ltr'>sicud</span> <span class='ocrx_word' id='word_1_23' title='bbox 793 376 894 421; x_wconf 77' lang='lat' dir='ltr'>olim,</span> <span class='ocrx_word' id='word_1_24' title='bbox 917 375 1023 424; x_wconf 90' lang='lat' dir='ltr'>quod</span> <span class='ocrx_word' id='word_1_25' title='bbox 1044 382 1161 411; x_wconf 88' lang='lat' dir='ltr'>status</span> <span class='ocrx_word' id='word_1_26' title='bbox 1190 374 1249 411; x_wconf 92' lang='lat' dir='ltr'>ille</span> <span class='ocrx_word' id='word_1_27' title='bbox 1271 374 1316 410; x_wconf 93' lang='lat' dir='ltr'>sit</span> <span class='ocrx_word' id='word_1_28' title='bbox 1336 373 1617 410; x_wconf 77' lang='lat' dir='ltr'>accidentaliter</span> <span class='ocrx_word' id='word_1_29' title='bbox 1646 372 1786 421; x_wconf 91' lang='lat' dir='ltr'>imper-</span> 
     </span>
    </p>

    <p class='ocr_par' dir='ltr' id='par_1_4' title="bbox 184 424 2051 1775">
     <span class='ocr_line' id='line_1_5' title="bbox 184 424 1787 493; baseline -0.006 -5"><span class='ocrx_word' id='word_1_30' title='bbox 184 424 415 478; x_wconf 48' lang='grc' dir='ltr'>ἓῐῖἒὲξνθπῑῖἓηῖξςί</span> <span class='ocrx_word' id='word_1_31' title='bbox 462 450 600 486; x_wconf 84' lang='lat' dir='ltr'>feccior</span> <span class='ocrx_word' id='word_1_32' title='bbox 615 456 652 485; x_wconf 91' lang='lat' dir='ltr'>et</span> <span class='ocrx_word' id='word_1_33' title='bbox 671 459 854 484; x_wconf 89' lang='lat' dir='ltr'>mamona</span> <span class='ocrx_word' id='word_1_34' title='bbox 870 453 1092 491; x_wconf 91' lang='lat' dir='ltr'>venenatus,</span> <span class='ocrx_word' id='word_1_35' title='bbox 1109 457 1197 482; x_wconf 89' lang='lat' dir='ltr'>cum</span> <span class='ocrx_word' id='word_1_36' title='bbox 1218 452 1371 493; x_wconf 88' lang='lat' dir='ltr'>propter</span> <span class='ocrx_word' id='word_1_37' title='bbox 1391 444 1619 481; x_wconf 80' lang='lat' dir='ltr'><strong>decretalem</strong></span> <span class='ocrx_word' id='word_1_38' title='bbox 1635 443 1787 480; x_wconf 89' lang='lat' dir='ltr'>Nicolai</span> 
     </span>
     <span class='ocr_line' id='line_1_6' title="bbox 465 513 1893 565; baseline -0.005 -8"><span class='ocrx_word' id='word_1_39' title='bbox 465 520 591 557; x_wconf 90' lang='lat' dir='ltr'>Tercii</span> <span class='ocrx_word' id='word_1_40' title='bbox 626 520 665 555; x_wconf 91' lang='lat' dir='ltr'>in</span> <span class='ocrx_word' id='word_1_41' title='bbox 698 519 840 556; x_wconf 81' lang='lat' dir='ltr'>Sexto:</span> <span class='ocrx_word' id='word_1_42' title='bbox 883 517 1006 554; x_wconf 64' lang='lat' dir='ltr'>Exiit</span> <span class='ocrx_word' id='word_1_43' title='bbox 1031 517 1099 565; x_wconf 75' lang='lat' dir='ltr'>qui</span> <span class='ocrx_word' id='word_1_44' title='bbox 1125 518 1289 561; x_wconf 63' lang='lat' dir='ltr'>seminat,</span> <span class='ocrx_word' id='word_1_45' title='bbox 1319 522 1398 552; x_wconf 90' lang='lat' dir='ltr'>tam</span> <span class='ocrx_word' id='word_1_46' title='bbox 1427 515 1549 552; x_wconf 88' lang='lat' dir='ltr'>eciam</span> <span class='ocrx_word' id='word_1_47' title='bbox 1579 515 1668 564; x_wconf 87' lang='lat' dir='ltr'>quia</span> <span class='ocrx_word' id='word_1_48' title='bbox 1697 526 1789 551; x_wconf 89' lang='lat' dir='ltr'>con·</span> <span class='ocrx_word' id='word_1_49' title='bbox 1802 513 1893 545; x_wconf 82' lang='lat' dir='ltr'><strong>Sexti</strong></span> 
     </span>
     <span class='ocr_line' id='line_1_7' title="bbox 464 558 2051 638; baseline -0.005 -11"><span class='ocrx_word' id='word_1_50' title='bbox 464 592 659 627; x_wconf 87' lang='lat' dir='ltr'>vincerent</span> <span class='ocrx_word' id='word_1_51' title='bbox 693 602 732 626; x_wconf 90' lang='lat' dir='ltr'>se</span> <span class='ocrx_word' id='word_1_52' title='bbox 767 589 873 638; x_wconf 92' lang='lat' dir='ltr'>ipsos</span> <span class='ocrx_word' id='word_1_53' title='bbox 908 588 954 625; x_wconf 91' lang='lat' dir='ltr'>de</span> <span class='ocrx_word' id='word_1_54' title='bbox 988 588 1124 636; x_wconf 89' lang='lat' dir='ltr'>supina</span> <span class='ocrx_word' id='word_1_55' title='bbox 1156 586 1318 624; x_wconf 82' lang='lat' dir='ltr'>stulticia</span> <span class='ocrx_word' id='word_1_56' title='bbox 1355 586 1462 635; x_wconf 86' lang='lat' dir='ltr'>quod</span> <span class='ocrx_word' id='word_1_57' title='bbox 1495 592 1575 622; x_wconf 90' lang='lat' dir='ltr'>tam</span> <span class='ocrx_word' id='word_1_58' title='bbox 1613 584 1790 634; x_wconf 87' lang='lat' dir='ltr'>penalem</span> <span class='ocrx_word' id='word_1_59' title='bbox 1804 558 2005 631; x_wconf 45' lang='lat' dir='ltr'>Efssrzi&#39;Tit.</span> <span class='ocrx_word' id='word_1_60' title='bbox 2050 600 2051 630; x_wconf 67' lang='lat'>;</span> 
     </span>
     <span class='ocr_line' id='line_1_8' title="bbox 465 644 1952 708; baseline -0.005 -9"><span class='ocrx_word' id='word_1_61' title='bbox 465 669 501 699; x_wconf 91' lang='lat' dir='ltr'>et</span> <span class='ocrx_word' id='word_1_62' title='bbox 525 662 708 698; x_wconf 90' lang='lat' dir='ltr'>miserum</span> <span class='ocrx_word' id='word_1_63' title='bbox 733 666 873 697; x_wconf 89' lang='lat' dir='ltr'>statum</span> <span class='ocrx_word' id='word_1_64' title='bbox 897 658 1014 708; x_wconf 84' lang='lat' dir='ltr'>gratis</span> <span class='ocrx_word' id='word_1_65' title='bbox 1042 658 1217 703; x_wconf 90' lang='lat' dir='ltr'>subeunt,</span> <span class='ocrx_word' id='word_1_66' title='bbox 1240 657 1305 694; x_wconf 93' lang='lat' dir='ltr'>ubi</span> <span class='ocrx_word' id='word_1_67' title='bbox 1334 657 1480 694; x_wconf 78' lang='lat' dir='ltr'>facilius</span> <span class='ocrx_word' id='word_1_68' title='bbox 1504 656 1707 694; x_wconf 88' lang='lat' dir='ltr'>iucundius</span> <span class='ocrx_word' id='word_1_69' title='bbox 1722 656 1735 676; x_wconf 79' lang='lat'><strong>²</strong></span> <span class='ocrx_word' id='word_1_70' title='bbox 1756 661 1792 692; x_wconf 89' lang='lat' dir='ltr'>et</span> <span class='ocrx_word' id='word_1_71' title='bbox 1803 644 1858 675; x_wconf 68' lang='lat' dir='ltr'>Xfi·</span> <span class='ocrx_word' id='word_1_72' title='bbox 1877 653 1904 674; x_wconf 78' lang='lat'>⁰·</span> <span class='ocrx_word' id='word_1_73' title='bbox 1923 652 1952 682; x_wconf 82' lang='lat'>3·</span> 
     </span>
     <span class='ocr_line' id='line_1_9' title="bbox 465 726 1792 777; baseline -0.005 -8"><span class='ocrx_word' id='word_1_74' title='bbox 465 732 649 769; x_wconf 87' lang='lat' dir='ltr'>voluntati</span> <span class='ocrx_word' id='word_1_75' title='bbox 689 731 749 768; x_wconf 93' lang='lat' dir='ltr'>dei</span> <span class='ocrx_word' id='word_1_76' title='bbox 788 730 1023 767; x_wconf 82' lang='lat' dir='ltr'>conformius</span> <span class='ocrx_word' id='word_1_77' title='bbox 1062 734 1221 777; x_wconf 84' lang='lat' dir='ltr'><strong>possent</strong></span> <span class='ocrx_word' id='word_1_78' title='bbox 1256 740 1405 765; x_wconf 87' lang='lat' dir='ltr'>servare</span> <span class='ocrx_word' id='word_1_79' title='bbox 1445 733 1585 765; x_wconf 88' lang='lat' dir='ltr'>statum</span> <span class='ocrx_word' id='word_1_80' title='bbox 1622 726 1792 776; x_wconf 91' lang='lat' dir='ltr'>proprie-</span> 
     </span>
     <span class='ocr_line' id='line_1_10' title="bbox 464 798 1794 851; baseline -0.006 -10"><span class='ocrx_word' id='word_1_81' title='bbox 464 804 602 841; x_wconf 80' lang='lat' dir='ltr'>tarium</span> <span class='ocrx_word' id='word_1_82' title='bbox 641 802 728 851; x_wconf 88' lang='lat' dir='ltr'>plus</span> <span class='ocrx_word' id='word_1_83' title='bbox 766 801 988 850; x_wconf 88' lang='lat' dir='ltr'>perfectum,</span> <span class='ocrx_word' id='word_1_84' title='bbox 1028 806 1065 836; x_wconf 92' lang='lat' dir='ltr'>et</span> <span class='ocrx_word' id='word_1_85' title='bbox 1103 800 1156 836; x_wconf 92' lang='lat' dir='ltr'>sic</span> <span class='ocrx_word' id='word_1_86' title='bbox 1197 800 1438 848; x_wconf 86' lang='lat' dir='ltr'><strong>imponerent</strong></span> <span class='ocrx_word' id='word_1_87' title='bbox 1477 799 1601 836; x_wconf 91' lang='lat' dir='ltr'>Cristo</span> <span class='ocrx_word' id='word_1_88' title='bbox 1640 804 1677 834; x_wconf 92' lang='lat' dir='ltr'>et</span> <span class='ocrx_word' id='word_1_89' title='bbox 1716 798 1794 835; x_wconf 87' lang='lat' dir='ltr'>suis</span> 
     </span>
     <span class='ocr_line' id='line_1_11' title="bbox 467 869 1794 924; baseline -0.005 -12"><span class='ocrx_word' id='word_1_90' title='bbox 467 874 651 924; x_wconf 88' lang='lat' dir='ltr'>apostolis</span> <span class='ocrx_word' id='word_1_91' title='bbox 673 872 912 910; x_wconf 84' lang='lat' dir='ltr'>blasfemiam</span> <span class='ocrx_word' id='word_1_92' title='bbox 933 871 1147 915; x_wconf 81' lang='lat' dir='ltr'>stulticiam,</span> <span class='ocrx_word' id='word_1_93' title='bbox 1169 877 1206 907; x_wconf 89' lang='lat' dir='ltr'>et</span> <span class='ocrx_word' id='word_1_94' title='bbox 1226 870 1404 907; x_wconf 88' lang='lat' dir='ltr'>fratribus</span> <span class='ocrx_word' id='word_1_95' title='bbox 1425 869 1695 918; x_wconf 87' lang='lat' dir='ltr'>recipientibus</span> <span class='ocrx_word' id='word_1_96' title='bbox 1715 875 1794 905; x_wconf 86' lang='lat' dir='ltr'>tam</span> 
     </span>
     <span class='ocr_line' id='line_1_12' title="bbox 467 939 1849 995; baseline -0.006 -12"><span class='ocrx_word' id='word_1_97' title='bbox 467 947 667 995; x_wconf 85' lang='lat' dir='ltr'>religiosos</span> <span class='ocrx_word' id='word_1_98' title='bbox 688 956 806 993; x_wconf 87' lang='lat' dir='ltr'>quam</span> <span class='ocrx_word' id='word_1_99' title='bbox 827 942 1018 980; x_wconf 85' lang='lat' dir='ltr'>seculares</span> <span class='ocrx_word' id='word_1_100' title='bbox 1046 942 1094 978; x_wconf 89' lang='lat' dir='ltr'>ad</span> <span class='ocrx_word' id='word_1_101' title='bbox 1115 953 1227 978; x_wconf 90' lang='lat' dir='ltr'>suum</span> <span class='ocrx_word' id='word_1_102' title='bbox 1251 941 1425 979; x_wconf 88' lang='lat' dir='ltr'>ordinem</span> <span class='ocrx_word' id='word_1_103' title='bbox 1446 952 1580 978; x_wconf 89' lang='lat' dir='ltr'>cecam</span> <span class='ocrx_word' id='word_1_104' title='bbox 1599 946 1636 977; x_wconf 92' lang='lat' dir='ltr'>et</span> <span class='ocrx_word' id='word_1_105' title='bbox 1657 939 1793 977; x_wconf 86' lang='lat' dir='ltr'>deteri·</span> <span class='ocrx_word' id='word_1_106' title='bbox 1809 940 1849 968; x_wconf 85' lang='lat'>&#39;1&#39;-</span> 
     </span>
     <span class='ocr_line' id='line_1_13' title="bbox 467 1011 2012 1066; baseline -0.006 -11"><span class='ocrx_word' id='word_1_107' title='bbox 467 1019 653 1056; x_wconf 88' lang='lat' dir='ltr'>orativam</span> <span class='ocrx_word' id='word_1_108' title='bbox 674 1016 948 1066; x_wconf 83' lang='lat' dir='ltr'>ignoranciam.</span> <span class='ocrx_word' id='word_1_109' title='bbox 994 1012 1012 1032; x_wconf 69' lang='lat'>&#39;⁸‘</span> <span class='ocrx_word' id='word_1_110' title='bbox 1056 1013 1151 1051; x_wconf 89' lang='lat' dir='ltr'>Ideo</span> <span class='ocrx_word' id='word_1_111' title='bbox 1172 1019 1229 1050; x_wconf 86' lang='lat' dir='ltr'>est</span> <span class='ocrx_word' id='word_1_112' title='bbox 1256 1012 1348 1049; x_wconf 82' lang='lat' dir='ltr'>mihi</span> <span class='ocrx_word' id='word_1_113' title='bbox 1368 1012 1570 1050; x_wconf 88' lang='lat' dir='ltr'>verisimile</span> <span class='ocrx_word' id='word_1_114' title='bbox 1597 1011 1700 1061; x_wconf 90' lang='lat' dir='ltr'>quod</span> <span class='ocrx_word' id='word_1_115' title='bbox 1720 1011 1795 1047; x_wconf 88' lang='lat' dir='ltr'>vita</span> <span class='ocrx_word' id='word_1_116' title='bbox 1807 1012 1963 1042; x_wconf 78' lang='lat' dir='ltr'>F01.163</span> <span class='ocrx_word' id='word_1_117' title='bbox 1976 1011 2012 1040; x_wconf 87' lang='lat' dir='ltr'>b·</span> 
     </span>
     <span class='ocr_line' id='line_1_14' title="bbox 469 1082 1849 1135; baseline -0.006 -9"><span class='ocrx_word' id='word_1_118' title='bbox 469 1089 591 1135; x_wconf 92' lang='lat' dir='ltr'>Cristi,</span> <span class='ocrx_word' id='word_1_119' title='bbox 620 1101 688 1125; x_wconf 90' lang='lat' dir='ltr'>sua</span> <span class='ocrx_word' id='word_1_120' title='bbox 721 1087 915 1125; x_wconf 90' lang='lat' dir='ltr'>confessio</span> <span class='ocrx_word' id='word_1_121' title='bbox 949 1092 985 1123; x_wconf 94' lang='lat' dir='ltr'>et</span> <span class='ocrx_word' id='word_1_122' title='bbox 1017 1085 1264 1123; x_wconf 87' lang='lat' dir='ltr'>conformitas</span> <span class='ocrx_word' id='word_1_123' title='bbox 1300 1085 1349 1121; x_wconf 89' lang='lat' dir='ltr'>ad</span> <span class='ocrx_word' id='word_1_124' title='bbox 1382 1090 1522 1121; x_wconf 90' lang='lat' dir='ltr'>statum</span> <span class='ocrx_word' id='word_1_125' title='bbox 1554 1082 1792 1128; x_wconf 88' lang='lat' dir='ltr'>innocencie,</span> <span class='ocrx_word' id='word_1_126' title='bbox 1809 1085 1849 1114; x_wconf 87' lang='lat'><strong>¹1¹.</strong></span> 
     </span>
     <span class='ocr_line' id='line_1_15' title="bbox 467 1153 1795 1197; baseline -0.005 0"><span class='ocrx_word' id='word_1_127' title='bbox 467 1160 676 1197; x_wconf 84' lang='lat' dir='ltr'>excludens</span> <span class='ocrx_word' id='word_1_128' title='bbox 712 1158 829 1195; x_wconf 90' lang='lat' dir='ltr'>seculi</span> <span class='ocrx_word' id='word_1_129' title='bbox 859 1157 1077 1194; x_wconf 90' lang='lat' dir='ltr'>servitutem</span> <span class='ocrx_word' id='word_1_130' title='bbox 1109 1155 1355 1193; x_wconf 86' lang='lat' dir='ltr'>conformiter</span> <span class='ocrx_word' id='word_1_131' title='bbox 1384 1154 1433 1191; x_wconf 92' lang='lat' dir='ltr'>ad</span> <span class='ocrx_word' id='word_1_132' title='bbox 1463 1160 1603 1191; x_wconf 86' lang='lat' dir='ltr'>statum</span> <span class='ocrx_word' id='word_1_133' title='bbox 1634 1153 1795 1191; x_wconf 90' lang='lat' dir='ltr'>ecclesie</span> 
     </span>
     <span class='ocr_line' id='line_1_16' title="bbox 468 1224 1795 1280; baseline -0.005 -12"><span class='ocrx_word' id='word_1_134' title='bbox 468 1231 678 1280; x_wconf 88' lang='lat' dir='ltr'>apostolice</span> <span class='ocrx_word' id='word_1_135' title='bbox 706 1236 742 1267; x_wconf 93' lang='lat' dir='ltr'>et</span> <span class='ocrx_word' id='word_1_136' title='bbox 771 1229 930 1266; x_wconf 86' lang='lat' dir='ltr'>ecclesie</span> <span class='ocrx_word' id='word_1_137' title='bbox 955 1227 1233 1277; x_wconf 83' lang='lat' dir='ltr'>triumphantis,</span> <span class='ocrx_word' id='word_1_138' title='bbox 1257 1226 1499 1264; x_wconf 86' lang='lat' dir='ltr'>necessitabit</span> <span class='ocrx_word' id='word_1_139' title='bbox 1528 1237 1596 1262; x_wconf 93' lang='lat' dir='ltr'>eos</span> <span class='ocrx_word' id='word_1_140' title='bbox 1626 1224 1676 1262; x_wconf 87' lang='lat' dir='ltr'>ad</span> <span class='ocrx_word' id='word_1_141' title='bbox 1704 1236 1795 1262; x_wconf 91' lang='lat' dir='ltr'>con-</span> 
     </span>
     <span class='ocr_line' id='line_1_17' title="bbox 469 1295 1851 1349; baseline -0.003 -11"><span class='ocrx_word' id='word_1_142' title='bbox 469 1301 687 1339; x_wconf 90' lang='lat' dir='ltr'>cedendum</span> <span class='ocrx_word' id='word_1_143' title='bbox 722 1300 827 1349; x_wconf 89' lang='lat' dir='ltr'>quod</span> <span class='ocrx_word' id='word_1_144' title='bbox 861 1312 908 1336; x_wconf 80' lang='lat' dir='ltr'>ex</span> <span class='ocrx_word' id='word_1_145' title='bbox 948 1299 1150 1336; x_wconf 86' lang='lat' dir='ltr'>dotacione</span> <span class='ocrx_word' id='word_1_146' title='bbox 1185 1297 1352 1335; x_wconf 88' lang='lat' dir='ltr'>Cesarea</span> <span class='ocrx_word' id='word_1_147' title='bbox 1391 1296 1641 1345; x_wconf 89' lang='lat' dir='ltr'>imperficitur</span> <span class='ocrx_word' id='word_1_148' title='bbox 1675 1295 1796 1333; x_wconf 89' lang='lat' dir='ltr'>clerus</span> <span class='ocrx_word' id='word_1_149' title='bbox 1813 1302 1851 1334; x_wconf 89' lang='lat'>15</span> 
     </span>
     <span class='ocr_line' id='line_1_18' title="bbox 470 1367 1798 1410; baseline -0.005 -1"><span class='ocrx_word' id='word_1_150' title='bbox 470 1372 595 1410; x_wconf 91' lang='lat' dir='ltr'>Cristi.</span> <span class='ocrx_word' id='word_1_151' title='bbox 664 1371 783 1408; x_wconf 90' lang='lat' dir='ltr'>Aliter</span> <span class='ocrx_word' id='word_1_152' title='bbox 821 1371 925 1407; x_wconf 90' lang='lat' dir='ltr'>enim</span> <span class='ocrx_word' id='word_1_153' title='bbox 964 1370 1114 1407; x_wconf 90' lang='lat' dir='ltr'>timeret</span> <span class='ocrx_word' id='word_1_154' title='bbox 1152 1369 1224 1406; x_wconf 89' lang='lat' dir='ltr'>sibi</span> <span class='ocrx_word' id='word_1_155' title='bbox 1267 1368 1313 1406; x_wconf 90' lang='lat' dir='ltr'>de</span> <span class='ocrx_word' id='word_1_156' title='bbox 1356 1368 1508 1405; x_wconf 88' lang='lat' dir='ltr'>racione</span> <span class='ocrx_word' id='word_1_157' title='bbox 1552 1367 1798 1404; x_wconf 88' lang='lat' dir='ltr'>dominorum</span> 
     </span>
     <span class='ocr_line' id='line_1_19' title="bbox 469 1438 1800 1491; baseline -0.005 -11"><span class='ocrx_word' id='word_1_158' title='bbox 469 1443 685 1481; x_wconf 91' lang='lat' dir='ltr'>dicencium</span> <span class='ocrx_word' id='word_1_159' title='bbox 718 1442 825 1491; x_wconf 89' lang='lat' dir='ltr'>quod</span> <span class='ocrx_word' id='word_1_160' title='bbox 865 1441 1001 1478; x_wconf 88' lang='lat' dir='ltr'>sufficit</span> <span class='ocrx_word' id='word_1_161' title='bbox 1040 1453 1160 1489; x_wconf 82' lang='lat' dir='ltr'>regno</span> <span class='ocrx_word' id='word_1_162' title='bbox 1200 1453 1270 1477; x_wconf 92' lang='lat' dir='ltr'>suo</span> <span class='ocrx_word' id='word_1_163' title='bbox 1308 1439 1450 1476; x_wconf 90' lang='lat' dir='ltr'>habere</span> <span class='ocrx_word' id='word_1_164' title='bbox 1489 1438 1535 1476; x_wconf 91' lang='lat' dir='ltr'>de</span> <span class='ocrx_word' id='word_1_165' title='bbox 1575 1445 1673 1475; x_wconf 89' lang='lat' dir='ltr'>statu</span> <span class='ocrx_word' id='word_1_166' title='bbox 1713 1438 1800 1475; x_wconf 90' lang='lat' dir='ltr'>cleri</span> 
     </span>
     <span class='ocr_line' id='line_1_20' title="bbox 469 1509 1799 1564; baseline -0.005 -13"><span class='ocrx_word' id='word_1_167' title='bbox 469 1514 692 1564; x_wconf 86' lang='lat' dir='ltr'>perfecciori</span> <span class='ocrx_word' id='word_1_168' title='bbox 727 1513 859 1550; x_wconf 89' lang='lat' dir='ltr'>dotato</span> <span class='ocrx_word' id='word_1_169' title='bbox 899 1512 968 1549; x_wconf 90' lang='lat' dir='ltr'>etsi</span> <span class='ocrx_word' id='word_1_170' title='bbox 1007 1524 1087 1549; x_wconf 91' lang='lat' dir='ltr'>non</span> <span class='ocrx_word' id='word_1_171' title='bbox 1125 1516 1303 1548; x_wconf 89' lang='lat' dir='ltr'>oneretur</span> <span class='ocrx_word' id='word_1_172' title='bbox 1342 1516 1398 1547; x_wconf 92' lang='lat' dir='ltr'>tot</span> <span class='ocrx_word' id='word_1_173' title='bbox 1436 1516 1473 1547; x_wconf 90' lang='lat' dir='ltr'>et</span> <span class='ocrx_word' id='word_1_174' title='bbox 1510 1509 1649 1546; x_wconf 87' lang='lat' dir='ltr'>talibus</span> <span class='ocrx_word' id='word_1_175' title='bbox 1688 1509 1799 1546; x_wconf 89' lang='lat' dir='ltr'>sectis</span> 
     </span>
     <span class='ocr_line' id='line_1_21' title="bbox 474 1582 1801 1635; baseline -0.004 -13"><span class='ocrx_word' id='word_1_176' title='bbox 474 1584 720 1635; x_wconf 83' lang='lat' dir='ltr'>inperfectis3</span> <span class='ocrx_word' id='word_1_177' title='bbox 754 1595 917 1632; x_wconf 82' lang='lat' dir='ltr'>regnum</span> <span class='ocrx_word' id='word_1_178' title='bbox 947 1582 1157 1631; x_wconf 83' lang='lat' dir='ltr'>irreligiose</span> <span class='ocrx_word' id='word_1_179' title='bbox 1199 1582 1564 1631; x_wconf 88' lang='lat' dir='ltr'>depauperantibus,</span> <span class='ocrx_word' id='word_1_180' title='bbox 1603 1593 1677 1630; x_wconf 88' lang='lat' dir='ltr'>que</span> <span class='ocrx_word' id='word_1_181' title='bbox 1712 1592 1801 1617; x_wconf 90' lang='lat' dir='ltr'>cum</span> 
     </span>
     <span class='ocr_line' id='line_1_22' title="bbox 473 1652 1854 1706; baseline -0.005 -12"><span class='ocrx_word' id='word_1_182' title='bbox 473 1662 630 1706; x_wconf 89' lang='lat' dir='ltr'>possent</span> <span class='ocrx_word' id='word_1_183' title='bbox 664 1655 713 1692; x_wconf 90' lang='lat' dir='ltr'>ad</span> <span class='ocrx_word' id='word_1_184' title='bbox 742 1662 883 1692; x_wconf 81' lang='lat' dir='ltr'>statum</span> <span class='ocrx_word' id='word_1_185' title='bbox 914 1653 1191 1703; x_wconf 90' lang='lat' dir='ltr'>perfecciorem</span> <span class='ocrx_word' id='word_1_186' title='bbox 1223 1653 1430 1690; x_wconf 87' lang='lat' dir='ltr'>ascendere</span> <span class='ocrx_word' id='word_1_187' title='bbox 1465 1652 1575 1689; x_wconf 88' lang='lat' dir='ltr'>stulte</span> <span class='ocrx_word' id='word_1_188' title='bbox 1604 1657 1801 1688; x_wconf 90' lang='lat' dir='ltr'>remanent</span> <span class='ocrx_word' id='word_1_189' title='bbox 1815 1655 1854 1679; x_wconf 87' lang='lat'>20</span> 
     </span>
     <span class='ocr_line' id='line_1_23' title="bbox 470 1722 1801 1775; baseline -0.004 -11"><span class='ocrx_word' id='word_1_190' title='bbox 470 1729 509 1764; x_wconf 92' lang='lat' dir='ltr'>in</span> <span class='ocrx_word' id='word_1_191' title='bbox 547 1734 647 1764; x_wconf 88' lang='lat' dir='ltr'>statu</span> <span class='ocrx_word' id='word_1_192' title='bbox 680 1725 969 1775; x_wconf 89' lang='lat' dir='ltr'>imperfecciori‚</span> <span class='ocrx_word' id='word_1_193' title='bbox 1004 1732 1203 1774; x_wconf 87' lang='lat' dir='ltr'>tamquam</span> <span class='ocrx_word' id='word_1_194' title='bbox 1241 1723 1441 1773; x_wconf 88' lang='lat' dir='ltr'>yppocrite</span> <span class='ocrx_word' id='word_1_195' title='bbox 1481 1729 1613 1760; x_wconf 87' lang='lat' dir='ltr'>contra</span> <span class='ocrx_word' id='word_1_196' title='bbox 1650 1722 1801 1772; x_wconf 85' lang='lat' dir='ltr'>regulas</span> 
     </span>
    </p>

    <p class='ocr_par' dir='ltr' id='par_1_5' title="bbox 194 1794 1800 1846">
     <span class='ocr_line' id='line_1_24' title="bbox 194 1794 1800 1846; baseline -0.004 -10"><span class='ocrx_word' id='word_1_197' title='bbox 194 1811 222 1836; x_wconf 83' lang='lat' dir='ltr'>lf</span> <span class='ocrx_word' id='word_1_198' title='bbox 234 1810 255 1836; x_wconf 85' lang='lat' dir='ltr'>it</span> <span class='ocrx_word' id='word_1_199' title='bbox 267 1809 301 1835; x_wconf 82' lang='lat' dir='ltr'>be</span> <span class='ocrx_word' id='word_1_200' title='bbox 311 1808 429 1842; x_wconf 77' lang='lat' dir='ltr'>granted</span> <span class='ocrx_word' id='word_1_201' title='bbox 472 1798 649 1836; x_wconf 84' lang='lat' dir='ltr'>caritatis.</span> <span class='ocrx_word' id='word_1_202' title='bbox 708 1798 855 1834; x_wconf 90' lang='lat' dir='ltr'>Habito</span> <span class='ocrx_word' id='word_1_203' title='bbox 889 1797 1017 1846; x_wconf 89' lang='lat' dir='ltr'>itaque</span> <span class='ocrx_word' id='word_1_204' title='bbox 1050 1796 1155 1845; x_wconf 87' lang='lat' dir='ltr'>quod</span> <span class='ocrx_word' id='word_1_205' title='bbox 1194 1802 1313 1833; x_wconf 89' lang='lat' dir='ltr'>status</span> <span class='ocrx_word' id='word_1_206' title='bbox 1348 1794 1438 1832; x_wconf 90' lang='lat' dir='ltr'>cleri</span> <span class='ocrx_word' id='word_1_207' title='bbox 1474 1794 1628 1832; x_wconf 89' lang='lat' dir='ltr'>racione</span> <span class='ocrx_word' id='word_1_208' title='bbox 1662 1805 1800 1843; x_wconf 87' lang='lat' dir='ltr'>expro-</span> 
     </span>
    </p>
   </div>
   <div class='ocr_carea' id='block_1_4' title="bbox 193 1842 426 1870">
    <p class='ocr_par' dir='ltr' id='par_1_6' title="bbox 193 1842 426 1870">
     <span class='ocr_line' id='line_1_25' title="bbox 193 1842 426 1870; baseline -0.013 0"><span class='ocrx_word' id='word_1_209' title='bbox 193 1845 253 1870; x_wconf 85' lang='lat' dir='ltr'>that</span> <span class='ocrx_word' id='word_1_210' title='bbox 267 1844 315 1869; x_wconf 89' lang='lat' dir='ltr'>the</span> <span class='ocrx_word' id='word_1_211' title='bbox 332 1842 426 1868; x_wconf 90' lang='lat' dir='ltr'>condi-</span> 
     </span>
    </p>
   </div>
   <div class='ocr_carea' id='block_1_5' title="bbox 192 1865 1801 1944">
    <p class='ocr_par' dir='ltr' id='par_1_7' title="bbox 192 1865 1801 1944">
     <span class='ocr_line' id='line_1_26' title="bbox 192 1865 1801 1944; baseline -0.005 -35"><span class='ocrx_word' id='word_1_212' title='bbox 192 1876 459 1944; x_wconf 47' lang='lat' dir='ltr'>iiOssessffessssdcingy</span> <span class='ocrx_word' id='word_1_213' title='bbox 472 1870 682 1919; x_wconf 90' lang='lat' dir='ltr'>priacionis</span> <span class='ocrx_word' id='word_1_214' title='bbox 702 1868 907 1918; x_wconf 90' lang='lat' dir='ltr'>perficitur,</span> <span class='ocrx_word' id='word_1_215' title='bbox 928 1874 1031 1917; x_wconf 87' lang='lat' dir='ltr'>patet</span> <span class='ocrx_word' id='word_1_216' title='bbox 1053 1867 1159 1917; x_wconf 90' lang='lat' dir='ltr'>quod</span> <span class='ocrx_word' id='word_1_217' title='bbox 1185 1866 1320 1903; x_wconf 89' lang='lat' dir='ltr'>eadem</span> <span class='ocrx_word' id='word_1_218' title='bbox 1339 1872 1396 1903; x_wconf 88' lang='lat' dir='ltr'>est</span> <span class='ocrx_word' id='word_1_219' title='bbox 1416 1865 1518 1903; x_wconf 89' lang='lat' dir='ltr'>racio</span> <span class='ocrx_word' id='word_1_220' title='bbox 1545 1865 1590 1902; x_wconf 90' lang='lat' dir='ltr'>de</span> <span class='ocrx_word' id='word_1_221' title='bbox 1620 1865 1801 1902; x_wconf 89' lang='lat' dir='ltr'>omnibus</span> 
     </span>
    </p>
   </div>
   <div class='ocr_carea' id='block_1_6' title="bbox 192 1935 1800 2010">
    <p class='ocr_par' dir='ltr' id='par_1_8' title="bbox 192 1935 1800 2010">
     <span class='ocr_line' id='line_1_27' title="bbox 192 1935 1800 2010; baseline -0.004 -31"><span class='ocrx_word' id='word_1_222' title='bbox 192 1944 461 2010; x_wconf 47' lang='lat' dir='ltr'>ssffisliafgffifigffgrgffi</span> <span class='ocrx_word' id='word_1_223' title='bbox 472 1940 646 1990; x_wconf 84' lang='lat' dir='ltr'>personis</span> <span class='ocrx_word' id='word_1_224' title='bbox 672 1946 708 1977; x_wconf 94' lang='lat' dir='ltr'>et</span> <span class='ocrx_word' id='word_1_225' title='bbox 735 1939 894 1988; x_wconf 85' lang='lat' dir='ltr'>singulis</span> <span class='ocrx_word' id='word_1_226' title='bbox 925 1938 1011 1975; x_wconf 91' lang='lat' dir='ltr'>cleri</span> <span class='ocrx_word' id='word_1_227' title='bbox 1042 1938 1165 1985; x_wconf 88' lang='lat' dir='ltr'>Cristi,</span> <span class='ocrx_word' id='word_1_228' title='bbox 1192 1938 1289 1975; x_wconf 90' lang='lat' dir='ltr'>sicut</span> <span class='ocrx_word' id='word_1_229' title='bbox 1309 1943 1413 1986; x_wconf 89' lang='lat' dir='ltr'>patet</span> <span class='ocrx_word' id='word_1_230' title='bbox 1434 1936 1480 1973; x_wconf 91' lang='lat' dir='ltr'>de</span> <span class='ocrx_word' id='word_1_231' title='bbox 1501 1948 1602 1985; x_wconf 89' lang='lat' dir='ltr'>papa</span> <span class='ocrx_word' id='word_1_232' title='bbox 1621 1941 1658 1973; x_wconf 92' lang='lat' dir='ltr'>et</span> <span class='ocrx_word' id='word_1_233' title='bbox 1679 1935 1800 1973; x_wconf 88' lang='lat' dir='ltr'>cardi—</span> 
     </span>
    </p>
   </div>
   <div class='ocr_carea' id='block_1_7' title="bbox 192 2007 1854 2076">
    <p class='ocr_par' dir='ltr' id='par_1_9' title="bbox 192 2007 1854 2076">
     <span class='ocr_line' id='line_1_28' title="bbox 192 2007 1854 2076; baseline -0.004 -28"><span class='ocrx_word' id='word_1_234' title='bbox 192 2010 428 2076; x_wconf 46' lang='lat' dir='ltr'>ffi‘iissipffigrgssf</span> <span class='ocrx_word' id='word_1_235' title='bbox 475 2011 624 2049; x_wconf 85' lang='lat' dir='ltr'>nalibus</span> <span class='ocrx_word' id='word_1_236' title='bbox 665 2023 787 2059; x_wconf 92' lang='lat' dir='ltr'>usque</span> <span class='ocrx_word' id='word_1_237' title='bbox 831 2009 885 2057; x_wconf 78' lang='lat' dir='ltr'>ad¹</span> <span class='ocrx_word' id='word_1_238' title='bbox 922 2009 1098 2046; x_wconf 88' lang='lat' dir='ltr'>infimum</span> <span class='ocrx_word' id='word_1_239' title='bbox 1144 2009 1393 2054; x_wconf 86' lang='lat' dir='ltr'>sacerdotem,</span> <span class='ocrx_word' id='word_1_240' title='bbox 1428 2007 1534 2045; x_wconf 87' lang='lat' dir='ltr'>sicud</span> <span class='ocrx_word' id='word_1_241' title='bbox 1573 2007 1716 2044; x_wconf 91' lang='lat' dir='ltr'>elicitur</span> <span class='ocrx_word' id='word_1_242' title='bbox 1752 2018 1800 2043; x_wconf 83' lang='lat' dir='ltr'>ex</span> <span class='ocrx_word' id='word_1_243' title='bbox 1817 2009 1854 2041; x_wconf 83' lang='lat'>²5</span> 
     </span>
    </p>
   </div>
   <div class='ocr_carea' id='block_1_8' title="bbox 193 2078 1856 2697">
    <p class='ocr_par' dir='ltr' id='par_1_10' title="bbox 193 2078 1856 2697">
     <span class='ocr_line' id='line_1_29' title="bbox 193 2078 1800 2144; baseline -0.004 -24"><span class='ocrx_word' id='word_1_244' title='bbox 193 2078 460 2144; x_wconf 47' lang='lat' dir='ltr'>{iffiotsssssfssi&#39;ssssi‘</span> <span class='ocrx_word' id='word_1_245' title='bbox 474 2083 630 2121; x_wconf 89' lang='lat' dir='ltr'>racione</span> <span class='ocrx_word' id='word_1_246' title='bbox 660 2082 829 2120; x_wconf 90' lang='lat' dir='ltr'>nominis</span> <span class='ocrx_word' id='word_1_247' title='bbox 858 2081 947 2118; x_wconf 89' lang='lat' dir='ltr'>cleri</span> <span class='ocrx_word' id='word_1_248' title='bbox 983 2081 1113 2130; x_wconf 89' lang='lat' dir='ltr'>sepius</span> <span class='ocrx_word' id='word_1_249' title='bbox 1147 2080 1361 2129; x_wconf 83' lang='lat' dir='ltr'>explanata.</span> <span class='ocrx_word' id='word_1_250' title='bbox 1420 2079 1534 2117; x_wconf 91' lang='lat' dir='ltr'>Unde</span> <span class='ocrx_word' id='word_1_251' title='bbox 1566 2085 1701 2117; x_wconf 90' lang='lat' dir='ltr'>vocato</span> <span class='ocrx_word' id='word_1_252' title='bbox 1735 2079 1800 2115; x_wconf 92' lang='lat' dir='ltr'>illo</span> 
     </span>
     <span class='ocr_line' id='line_1_30' title="bbox 472 2149 1800 2202; baseline -0.004 -11"><span class='ocrx_word' id='word_1_253' title='bbox 472 2154 574 2192; x_wconf 89' lang='lat' dir='ltr'>clero</span> <span class='ocrx_word' id='word_1_254' title='bbox 609 2165 725 2202; x_wconf 89' lang='lat' dir='ltr'>quem</span> <span class='ocrx_word' id='word_1_255' title='bbox 754 2159 811 2190; x_wconf 90' lang='lat' dir='ltr'>est</span> <span class='ocrx_word' id='word_1_256' title='bbox 842 2152 930 2189; x_wconf 85' lang='lat' dir='ltr'>utile</span> <span class='ocrx_word' id='word_1_257' title='bbox 958 2152 1092 2197; x_wconf 86' lang='lat' dir='ltr'>dotari,</span> <span class='ocrx_word' id='word_1_258' title='bbox 1114 2159 1218 2201; x_wconf 86' lang='lat' dir='ltr'>patet</span> <span class='ocrx_word' id='word_1_259' title='bbox 1247 2164 1315 2201; x_wconf 92' lang='lat' dir='ltr'>per</span> <span class='ocrx_word' id='word_1_260' title='bbox 1342 2151 1444 2188; x_wconf 90' lang='lat' dir='ltr'>idem</span> <span class='ocrx_word' id='word_1_261' title='bbox 1472 2151 1577 2200; x_wconf 83' lang='lat' dir='ltr'>quod</span> <span class='ocrx_word' id='word_1_262' title='bbox 1604 2150 1702 2188; x_wconf 87' lang='lat' dir='ltr'>foret</span> <span class='ocrx_word' id='word_1_263' title='bbox 1729 2149 1800 2187; x_wconf 92' lang='lat' dir='ltr'>sibi</span> 
     </span>
     <span class='ocr_line' id='line_1_31' title="bbox 471 2221 1799 2268; baseline -0.004 -6"><span class='ocrx_word' id='word_1_264' title='bbox 471 2225 560 2262; x_wconf 88' lang='lat' dir='ltr'>utile</span> <span class='ocrx_word' id='word_1_265' title='bbox 600 2236 679 2261; x_wconf 92' lang='lat' dir='ltr'>non</span> <span class='ocrx_word' id='word_1_266' title='bbox 719 2235 801 2260; x_wconf 88' lang='lat' dir='ltr'>esse</span> <span class='ocrx_word' id='word_1_267' title='bbox 839 2223 1031 2268; x_wconf 87' lang='lat' dir='ltr'>clericum,</span> <span class='ocrx_word' id='word_1_268' title='bbox 1067 2229 1103 2259; x_wconf 91' lang='lat' dir='ltr'>et</span> <span class='ocrx_word' id='word_1_269' title='bbox 1142 2223 1195 2260; x_wconf 92' lang='lat' dir='ltr'>sic</span> <span class='ocrx_word' id='word_1_270' title='bbox 1235 2221 1429 2259; x_wconf 88' lang='lat' dir='ltr'>hortantes</span> <span class='ocrx_word' id='word_1_271' title='bbox 1468 2233 1533 2259; x_wconf 93' lang='lat' dir='ltr'>eos</span> <span class='ocrx_word' id='word_1_272' title='bbox 1571 2221 1619 2258; x_wconf 89' lang='lat' dir='ltr'>ad</span> <span class='ocrx_word' id='word_1_273' title='bbox 1659 2227 1799 2258; x_wconf 89' lang='lat' dir='ltr'>statum</span> 
     </span>
     <span class='ocr_line' id='line_1_32' title="bbox 472 2292 1800 2343; baseline -0.003 -11"><span class='ocrx_word' id='word_1_274' title='bbox 472 2295 586 2332; x_wconf 87' lang='lat' dir='ltr'>huius</span> <span class='ocrx_word' id='word_1_275' title='bbox 616 2294 722 2331; x_wconf 89' lang='lat' dir='ltr'>modi</span> <span class='ocrx_word' id='word_1_276' title='bbox 750 2299 951 2343; x_wconf 90' lang='lat' dir='ltr'>peccarent</span> <span class='ocrx_word' id='word_1_277' title='bbox 984 2293 1145 2330; x_wconf 91' lang='lat' dir='ltr'>consilio</span> <span class='ocrx_word' id='word_1_278' title='bbox 1176 2293 1236 2330; x_wconf 91' lang='lat' dir='ltr'>dei</span> <span class='ocrx_word' id='word_1_279' title='bbox 1269 2300 1306 2330; x_wconf 91' lang='lat' dir='ltr'>et</span> <span class='ocrx_word' id='word_1_280' title='bbox 1335 2293 1484 2329; x_wconf 87' lang='lat' dir='ltr'>utilitati</span> <span class='ocrx_word' id='word_1_281' title='bbox 1514 2292 1680 2341; x_wconf 84' lang='lat' dir='ltr'>proximi</span> <span class='ocrx_word' id='word_1_282' title='bbox 1710 2303 1800 2328; x_wconf 92' lang='lat' dir='ltr'>cece</span> 
     </span>
     <span class='ocr_line' id='line_1_33' title="bbox 472 2362 1856 2412; baseline -0.004 -9"><span class='ocrx_word' id='word_1_283' title='bbox 472 2365 662 2403; x_wconf 90' lang='lat' dir='ltr'>contrarii.</span> <span class='ocrx_word' id='word_1_284' title='bbox 712 2363 925 2409; x_wconf 87' lang='lat' dir='ltr'>Quomodo</span> <span class='ocrx_word' id='word_1_285' title='bbox 938 2363 1073 2412; x_wconf 79' lang='lat' dir='ltr'>igitur4</span> <span class='ocrx_word' id='word_1_286' title='bbox 1094 2362 1189 2400; x_wconf 90' lang='lat' dir='ltr'>foret</span> <span class='ocrx_word' id='word_1_287' title='bbox 1204 2363 1342 2412; x_wconf 86' lang='lat' dir='ltr'>dignus</span> <span class='ocrx_word' id='word_1_288' title='bbox 1358 2375 1441 2399; x_wconf 90' lang='lat' dir='ltr'>esse</span> <span class='ocrx_word' id='word_1_289' title='bbox 1455 2362 1501 2399; x_wconf 91' lang='lat' dir='ltr'>de</span> <span class='ocrx_word' id='word_1_290' title='bbox 1518 2368 1618 2400; x_wconf 87' lang='lat' dir='ltr'>sorte</span> <span class='ocrx_word' id='word_1_291' title='bbox 1634 2368 1670 2399; x_wconf 90' lang='lat' dir='ltr'>et</span> <span class='ocrx_word' id='word_1_292' title='bbox 1686 2373 1799 2410; x_wconf 85' lang='lat' dir='ltr'>apos·</span> <span class='ocrx_word' id='word_1_293' title='bbox 1815 2371 1856 2402; x_wconf 81' lang='lat'>50</span> 
     </span>
     <span class='ocr_line' id='line_1_34' title="bbox 473 2433 1800 2484; baseline -0.003 -11"><span class='ocrx_word' id='word_1_294' title='bbox 473 2436 592 2474; x_wconf 89' lang='lat' dir='ltr'>tolatu</span> <span class='ocrx_word' id='word_1_295' title='bbox 614 2435 746 2484; x_wconf 87' lang='lat' dir='ltr'>capitis</span> <span class='ocrx_word' id='word_1_296' title='bbox 771 2435 835 2484; x_wconf 89' lang='lat' dir='ltr'>qui</span> <span class='ocrx_word' id='word_1_297' title='bbox 856 2446 936 2471; x_wconf 90' lang='lat' dir='ltr'>non</span> <span class='ocrx_word' id='word_1_298' title='bbox 955 2439 1054 2471; x_wconf 89' lang='lat' dir='ltr'>esset</span> <span class='ocrx_word' id='word_1_299' title='bbox 1074 2445 1198 2483; x_wconf 85' lang='lat' dir='ltr'>capax</span> <span class='ocrx_word' id='word_1_300' title='bbox 1219 2434 1347 2483; x_wconf 85' lang='lat' dir='ltr'>regule</span> <span class='ocrx_word' id='word_1_301' title='bbox 1368 2446 1486 2483; x_wconf 89' lang='lat' dir='ltr'>quam</span> <span class='ocrx_word' id='word_1_302' title='bbox 1506 2433 1587 2482; x_wconf 91' lang='lat' dir='ltr'>ipse</span> <span class='ocrx_word' id='word_1_303' title='bbox 1614 2433 1800 2470; x_wconf 87' lang='lat' dir='ltr'>instituit?</span> 
     </span>
     <span class='ocr_line' id='line_1_35' title="bbox 474 2504 1800 2555; baseline -0.002 -11"><span class='ocrx_word' id='word_1_304' title='bbox 474 2507 578 2544; x_wconf 85' lang='lat' dir='ltr'>Ymo</span> <span class='ocrx_word' id='word_1_305' title='bbox 628 2518 694 2555; x_wconf 91' lang='lat' dir='ltr'>per</span> <span class='ocrx_word' id='word_1_306' title='bbox 736 2506 839 2543; x_wconf 89' lang='lat' dir='ltr'>idem</span> <span class='ocrx_word' id='word_1_307' title='bbox 882 2505 1040 2554; x_wconf 87' lang='lat' dir='ltr'>quilibet</span> <span class='ocrx_word' id='word_1_308' title='bbox 1083 2504 1179 2542; x_wconf 90' lang='lat' dir='ltr'>ordo</span> <span class='ocrx_word' id='word_1_309' title='bbox 1218 2505 1374 2542; x_wconf 89' lang='lat' dir='ltr'>fratrum</span> <span class='ocrx_word' id='word_1_310' title='bbox 1404 2504 1462 2542; x_wconf 90' lang='lat' dir='ltr'>vel</span> <span class='ocrx_word' id='word_1_311' title='bbox 1500 2504 1800 2553; x_wconf 85' lang='lat' dir='ltr'>exproprietarie</span> 
     </span>
     <span class='ocr_line' id='line_1_36' title="bbox 476 2575 1800 2625; baseline -0.002 -10"><span class='ocrx_word' id='word_1_312' title='bbox 476 2581 498 2618; x_wconf 86' lang='lat'>†</span> <span class='ocrx_word' id='word_1_313' title='bbox 512 2578 717 2615; x_wconf 90' lang='lat' dir='ltr'>viventium</span> <span class='ocrx_word' id='word_1_314' title='bbox 747 2577 843 2614; x_wconf 87' lang='lat' dir='ltr'>foret</span> <span class='ocrx_word' id='word_1_315' title='bbox 873 2576 1014 2614; x_wconf 90' lang='lat' dir='ltr'>divisus</span> <span class='ocrx_word' id='word_1_316' title='bbox 1035 2577 1074 2612; x_wconf 93' lang='lat' dir='ltr'>in</span> <span class='ocrx_word' id='word_1_317' title='bbox 1104 2589 1156 2623; x_wconf 89' lang='lat' dir='ltr'>se,</span> <span class='ocrx_word' id='word_1_318' title='bbox 1179 2589 1258 2614; x_wconf 90' lang='lat' dir='ltr'>uno</span> <span class='ocrx_word' id='word_1_319' title='bbox 1278 2577 1425 2613; x_wconf 88' lang='lat' dir='ltr'>vivente</span> <span class='ocrx_word' id='word_1_320' title='bbox 1444 2575 1688 2625; x_wconf 88' lang='lat' dir='ltr'>proprietarie</span> <span class='ocrx_word' id='word_1_321' title='bbox 1703 2576 1741 2615; x_wconf 61' lang='lat' dir='ltr'>’ts‘</span> <span class='ocrx_word' id='word_1_322' title='bbox 1762 2581 1800 2613; x_wconf 90' lang='lat' dir='ltr'>et</span> 
     </span>
     <span class='ocr_line' id='line_1_37' title="bbox 476 2645 1801 2697; baseline -0.002 -12"><span class='ocrx_word' id='word_1_323' title='bbox 476 2649 703 2697; x_wconf 86' lang='lat' dir='ltr'>voluptuose</span> <span class='ocrx_word' id='word_1_324' title='bbox 742 2648 781 2685; x_wconf 90' lang='lat' dir='ltr'>in</span> <span class='ocrx_word' id='word_1_325' title='bbox 820 2647 1089 2684; x_wconf 87' lang='lat' dir='ltr'>habundancia</span> <span class='ocrx_word' id='word_1_326' title='bbox 1127 2647 1406 2696; x_wconf 88' lang='lat' dir='ltr'>temporalium,</span> <span class='ocrx_word' id='word_1_327' title='bbox 1444 2646 1518 2683; x_wconf 91' lang='lat' dir='ltr'>alio</span> <span class='ocrx_word' id='word_1_328' title='bbox 1555 2658 1645 2683; x_wconf 92' lang='lat' dir='ltr'>vero</span> <span class='ocrx_word' id='word_1_329' title='bbox 1682 2645 1801 2684; x_wconf 88' lang='lat' dir='ltr'>modo</span> 
     </span>
    </p>
   </div>
   <div class='ocr_carea' id='block_1_9' title="bbox 478 2741 1800 2837">
    <p class='ocr_par' dir='ltr' id='par_1_11' title="bbox 478 2741 1800 2837">
     <span class='ocr_line' id='line_1_38' title="bbox 522 2741 1800 2785; baseline -0.002 -10"><span class='ocrx_word' id='word_1_330' title='bbox 522 2744 531 2763; x_wconf 89' lang='lat'>¹</span> <span class='ocrx_word' id='word_1_331' title='bbox 557 2745 607 2775; x_wconf 89' lang='lat' dir='ltr'>vel</span> <span class='ocrx_word' id='word_1_332' title='bbox 632 2744 813 2785; x_wconf 87' lang='lat' dir='ltr'>perfectior,</span> <span class='ocrx_word' id='word_1_333' title='bbox 837 2754 899 2774; x_wconf 86' lang='lat' dir='ltr'>om.</span> <span class='ocrx_word' id='word_1_334' title='bbox 924 2747 954 2774; x_wconf 78' lang='grc' dir='ltr'>Β.</span> <span class='ocrx_word' id='word_1_335' title='bbox 1096 2741 1107 2758; x_wconf 84' lang='lat'>²</span> <span class='ocrx_word' id='word_1_336' title='bbox 1126 2742 1307 2782; x_wconf 87' lang='lat' dir='ltr'>jocundius,</span> <span class='ocrx_word' id='word_1_337' title='bbox 1334 2750 1362 2773; x_wconf 92' lang='lat' dir='ltr'>B.</span> <span class='ocrx_word' id='word_1_338' title='bbox 1497 2741 1509 2758; x_wconf 79' lang='lat'>³</span> <span class='ocrx_word' id='word_1_339' title='bbox 1532 2741 1747 2783; x_wconf 86' lang='lat' dir='ltr'>imperfectus,</span> <span class='ocrx_word' id='word_1_340' title='bbox 1766 2749 1800 2772; x_wconf 80' lang='lat' dir='ltr'>A.</span> 
     </span>
     <span class='ocr_line' id='line_1_39' title="bbox 478 2794 1150 2837; baseline -0.003 -10"><span class='ocrx_word' id='word_1_341' title='bbox 478 2797 488 2814; x_wconf 78' lang='lat'>⁴</span> <span class='ocrx_word' id='word_1_342' title='bbox 513 2807 590 2837; x_wconf 84' lang='lat' dir='ltr'>ergo</span> <span class='ocrx_word' id='word_1_343' title='bbox 608 2801 670 2837; x_wconf 77' lang='lat' dir='ltr'>pro</span> <span class='ocrx_word' id='word_1_344' title='bbox 687 2796 797 2837; x_wconf 83' lang='lat' dir='ltr'>igitur,</span> <span class='ocrx_word' id='word_1_345' title='bbox 816 2804 848 2826; x_wconf 85' lang='lat' dir='ltr'>A.</span> <span class='ocrx_word' id='word_1_346' title='bbox 940 2794 952 2812; x_wconf 85' lang='lat'>⁵</span> <span class='ocrx_word' id='word_1_347' title='bbox 977 2795 1025 2832; x_wconf 86' lang='lat'>††</span> <span class='ocrx_word' id='word_1_348' title='bbox 1038 2805 1098 2825; x_wconf 84' lang='lat' dir='ltr'>om.</span> <span class='ocrx_word' id='word_1_349' title='bbox 1117 2802 1150 2825; x_wconf 82' lang='grc' dir='ltr'>Α.</span> 
     </span>
    </p>
   </div>
   <div class='ocr_carea' id='block_1_10' title="bbox 2048 34 2051 562">
    <p class='ocr_par' dir='ltr' id='par_1_12' title="bbox 2048 34 2051 562">
     <span class='ocr_line' id='line_1_40' title="bbox 2048 34 2051 562; baseline 0 0"><span class='ocrx_word' id='word_1_350' title='bbox 2048 34 2051 562; x_wconf 95' lang='lat' dir='ltr'> </span> 
     </span>
    </p>
   </div>
  </div>
 </body>
</html>
