2051 3299
706 244 772 276 DE
803 243 999 276 OFFICIO
1032 243 1190 276 REGIS.
1809 242 1889 285 207

285 350 388 387 homo
408 349 550 400 suerit,
588 349 665 386 sive
702 349 856 395 animal,
894 349 971 386 sive
1008 361 1110 397 ager,
1148 361 1220 385 non
1259 348 1431 385 vendetur
1443 347 1468 394 ¹,
1506 361 1613 397 neque

282 421 419 457 redimi
433 421 581 469 poterit.
639 419 688 456 Et
737 419 908 469 sequitur
941 419 981 456 in
1014 419 1113 456 fine:
1150 418 1201 456 Sz·
1225 420 1308 467 quis
1341 420 1548 464 mutaverit,
1582 423 1616 456 et

280 493 380 540 quod
414 496 593 529 mutatum
630 495 684 528 est
717 496 751 528 et
776 498 851 540 pro
889 504 959 540 quo
997 495 1177 527 mutatum
1216 495 1275 536 est,
1314 491 1614 540 sanctzficabitur

281 561 454 609 Domino,
482 567 516 599 et
541 575 613 599 non
641 563 851 598 redimetur.
908 562 989 598 Hec
1017 566 1106 599 sunl
1123 566 1293 610 precepta
1322 574 1388 610 que
1420 563 1615 600 mandavit

279 633 477 671 Dominus.
532 633 593 670 Ex
622 633 694 671 isto
723 640 832 670 textu
858 633 1041 683 scripture
1071 639 1235 682 arguunt
1263 633 1371 670 multi
1398 633 1504 683 quod
1530 646 1610 671 non
1622 646 1675 672 we
1687 650 1840 673 mustnote

280 704 367 742 licet
397 704 623 753 temporalia
651 709 876 742 consecrata
903 703 1063 741 ecclesie
1087 704 1243 750 auffere,
1265 704 1332 741 sed
1352 716 1478 754 neque
1509 705 1608 742 redi·
1621 680 1887 740 {Essrtsssgdbyweoen‘

278 787 384 813 mere
404 775 508 826 quod
528 782 585 812 est
604 775 743 813 minus.
802 775 878 812 Pro
897 774 970 812 isto
991 780 1096 812 textu
1122 774 1336 812 notandum
1355 775 1481 824 primo
1501 775 1608 825 quod
1621 748 1879 814 ffissigeavlvlgssffiipfo

278 846 370 883 illud
389 847 524 884 dicitur
551 852 727 884 sanctum
754 852 790 883 et
810 845 969 883 domino
995 852 1260 883 consecratum
1279 845 1386 894 quod
1406 852 1463 883 est
1483 846 1611 884 divino

278 916 394 953 cultui
428 916 645 967 specialiter
678 916 915 965 deputatum,
951 916 1028 954 sive
1063 916 1110 953 sit
1142 916 1264 954 bestia
1300 916 1531 965 ymolaticia‚
1569 924 1610 954 ut

226 995 265 1017 10
278 988 361 1034 bos,
377 988 458 1025 ovis
473 994 509 1025 et
530 1000 655 1037 capra,
672 988 749 1025 sive
769 987 890 1025 homo
911 987 1009 1024 ultra
1029 999 1237 1025 comunem
1257 987 1447 1037 populum
1466 1000 1609 1025 vovens

58 1348 71 1369 1
88 1338 178 1371 Sam.
195 1340 216 1372 i.

53 1492 176 1524 Numb.
188 1493 234 1525 iii.

55 1545 149 1568 1—10.

276 1069 316 1095 se
345 1058 518 1107 religiose
548 1059 685 1096 servire
716 1057 902 1104 Domino,
932 1058 1010 1096 sive
1039 1058 1085 1095 sit
1113 1058 1254 1095 domus
1283 1058 1342 1095 vel
1371 1070 1463 1108 ager
1492 1059 1607 1096 cultui

272 1129 406 1177 templi
444 1141 512 1178 per
549 1129 758 1167 sacerdotis
795 1129 853 1166 vel
892 1129 1045 1166 alterius
1092 1129 1348 1166 ministerium
1392 1129 1608 1179 deputatus.

274 1198 455 1237 Secundo
471 1197 485 1218 ²
504 1200 719 1237 notandum
735 1200 840 1250 quod
860 1200 969 1237 multi
985 1206 1093 1237 erant
1109 1200 1251 1249 gradus
1265 1201 1606 1239 consecracionum
1619 1208 1665 1269 li}
1666 1210 1759 1276 315oe
1772 1220 1820 1238 are
1865 1246 1879 1271 f

1737 1254 1833 1277 egrees
1846 1255 1863 1272 ο

271 1269 501 1316 huiusmodi,
515 1277 557 1308 ut
577 1271 693 1320 aliqui
709 1277 892 1309 voverunt
914 1283 954 1308 se
973 1277 1162 1320 perpetuo
1178 1271 1381 1309 servituros
1397 1272 1436 1308 in
1450 1272 1606 1321 templo,
1618 1279 1811 1338 {fisssssgff‘ion
1825 1280 1858 1306 of

270 1347 312 1377 ut
331 1347 436 1389 patet
456 1341 502 1378 de
526 1341 703 1379 Samuele
728 1354 760 1380 1.
783 1341 881 1391 Reg.
909 1349 949 1378 1O
969 1354 1018 1379 ex
1037 1349 1128 1379 voto
1157 1348 1361 1389 matern03
1391 1342 1453 1380 alii
1477 1350 1607 1381 autem

271 1411 319 1449 de
358 1412 459 1450 tribu
496 1412 587 1450 Levi
629 1419 739 1450 erant
776 1413 996 1463 ubicunque
1026 1413 1289 1451 habitaverunt
1317 1420 1358 1451 ut
1387 1415 1609 1453 sacerdotes

270 1483 328 1520 vel
361 1482 493 1521 Levite
528 1484 772 1532 singulariter
805 1484 978 1521 Domino
1013 1485 1240 1531 consecrati,
1275 1491 1316 1522 ut
1349 1491 1454 1534 patet
1489 1485 1606 1522 Num.

273 1561 327 1602 30,
347 1555 413 1592 ubi
443 1555 606 1593 limitato
631 1555 685 1593 eis
713 1555 926 1593 ministerio
954 1556 1085 1605 templi
1114 1562 1152 1594 et
1171 1568 1352 1594 vasorum
1382 1563 1604 1595 sanctorum

313 1651 324 1670 ¹
346 1653 509 1692 venditur,
525 1661 560 1685 A.

311 1706 323 1724 ²
338 1709 382 1739 In
392 1708 532 1748 pedibus
539 1712 638 1749 pagg.
657 1718 698 1748 43
715 1712 745 1740 et
759 1707 826 1748 43¹,
842 1709 919 1739 MS.
933 1709 976 1739 B.
990 1708 1066 1740 haec
1076 1713 1152 1740 nota
1162 1709 1283 1750 scrzspta
1298 1713 1345 1740 est
1360 1720 1465 1740 manu
1476 1710 1602 1751 prima.

267 1759 422 1791 ——Notaz
453 1760 532 1790 Non
560 1759 712 1801 intelligo
740 1760 839 1803 plane
867 1761 1036 1801 quomodo
1063 1761 1181 1792 domus
1204 1761 1257 1792 vel
1288 1772 1366 1802 ager
1393 1766 1475 1793 esset
1502 1762 1603 1793 cultui

267 1811 384 1853 templi
407 1822 465 1852 per
487 1811 666 1843 sacerdotis
681 1812 734 1843 vel
757 1812 891 1844 alterius
914 1813 1132 1844 ministerium
1155 1814 1342 1855 deputatus,
1367 1815 1424 1846 sed
1448 1815 1533 1846 forte
1556 1815 1604 1846 sic

267 1863 433 1904 intelligit,
446 1862 534 1904 quod
551 1863 669 1894 domus
682 1863 733 1895 vel
750 1874 829 1905 ager
844 1864 1021 1905 deputatus
1037 1869 1086 1895 est
1102 1865 1216 1896 divino
1233 1865 1334 1896 cultui
1351 1876 1409 1907 per
1425 1866 1604 1897 sacerdotis

266 1915 318 1946 vel
346 1915 478 1947 alterius
505 1915 721 1947 ministerium
748 1916 881 1957 quando
906 1917 1057 1948 sacerdos
1079 1917 1131 1948 vel
1159 1917 1241 1949 alter
1264 1917 1364 1949 habet
1393 1918 1533 1949 tutelam
1563 1918 1604 1950 de

265 1966 454 1998 huiusmodi
484 1969 580 2000 rebus
609 1978 665 1999 seu
691 1968 875 1999 custodiam
903 1968 992 2009 quod
1024 1969 1088 2000 sint
1118 1970 1161 2000 ad
1192 1969 1351 2001 honorem
1379 1970 1432 2002 dei
1462 1970 1603 2002 fideliter

265 2019 469 2056 ministrata;
503 2020 655 2052 scribitur
685 2025 796 2051 autem
825 2020 933 2051 Levit.
962 2030 999 2051 22
1028 2021 1146 2052 saltem
1178 2022 1429 2062 sentencialiter,
1454 2023 1544 2064 quod
1575 2024 1601 2054 si

264 2082 403 2113 persona
418 2082 611 2104 consecrans
630 2072 766 2103 domum
782 2072 834 2103 vel
852 2082 967 2113 agrum
983 2072 1024 2103 de
1047 2073 1230 2105 hereditate
1251 2079 1389 2115 paterna
1410 2086 1485 2106 cum
1501 2075 1602 2107 vellet

264 2123 434 2163 redimere,
446 2128 524 2156 tunc
534 2124 626 2155 alteri
636 2124 836 2162 venderetur,
847 2134 912 2165 quo
922 2125 1010 2156 facto
1020 2135 1084 2156 non
1097 2130 1207 2166 posset
1214 2137 1288 2157 eum
1299 2132 1374 2168 post
1384 2138 1421 2158 ea
1432 2128 1600 2160 redimere.

265 2174 330 2206 Sed
345 2179 422 2207 tunc
438 2177 585 2217 arguitur
601 2177 667 2208 sic:
692 2176 771 2207 dato
787 2176 876 2216 quod
893 2176 1053 2208 alienacio
1070 2177 1161 2209 fieret
1176 2178 1223 2209 sic
1239 2178 1329 2220 quod
1344 2179 1447 2211 altera
1462 2190 1602 2221 persona

265 2237 285 2257 a
307 2227 378 2258 viro
402 2232 613 2261 consecrante
635 2228 875 2269 possessionem
898 2233 1122 2260 consecratam
1146 2230 1319 2261 redimeret
1342 2242 1404 2272 que
1428 2242 1495 2262 non
1519 2232 1602 2264 foret

264 2279 410 2310 eiusdem
434 2280 536 2310 tribus
560 2290 634 2310 cum
656 2290 795 2320 persona
819 2285 1040 2319 consecrante,
1062 2285 1140 2311 tunc
1163 2282 1250 2313 facta
1277 2282 1359 2313 foret
1385 2283 1600 2314 terminorum

264 2331 407 2372 proximi
422 2332 596 2363 translacio
613 2335 726 2362 contra
741 2331 849 2372 legem
870 2332 1029 2364 Deutron.
1051 2337 1124 2374 19⁰;
1148 2343 1229 2374 eque
1245 2334 1337 2365 sicud
1357 2334 1383 2365 si
1401 2335 1503 2365 tribus
1519 2335 1601 2367 Levi

264 2383 398 2414 haberet
413 2394 526 2424 agrum
549 2383 604 2415 hic
626 2388 682 2414 aut
704 2383 840 2414 domum
857 2389 1078 2415 consecratam
1094 2385 1127 2415 in
1145 2394 1203 2416 sua
1220 2387 1446 2426 possessione3
1470 2397 1548 2428 ergo
1564 2392 1601 2418 ut

264 2434 311 2466 sic
326 2434 452 2466 videtur
467 2434 578 2476 glossa
599 2435 657 2465 illa
678 2435 821 2466 adducta
837 2439 948 2466 tenens
969 2435 1158 2467 huiusmodi
1178 2447 1293 2478 agrum
1309 2442 1365 2469 aut
1380 2438 1516 2469 domum
1534 2450 1600 2470 non

265 2491 375 2527 posset
389 2487 501 2518 cedere
516 2492 677 2528 perpetuo
694 2488 727 2518 in
744 2487 983 2528 possessionem
1001 2488 1209 2519 sacerdotum
1224 2500 1265 2520 ne
1280 2489 1371 2521 fieret
1387 2491 1600 2522 terminorum

265 2538 408 2579 proximi
431 2539 609 2570 translacio
631 2549 696 2569 non
720 2543 769 2570 est
791 2538 910 2576 valida,
932 2550 1007 2570 cum
1027 2540 1208 2572 consimilis
1228 2541 1407 2574 translacio
1423 2541 1514 2574 fieret
1529 2553 1600 2584 per-

265 2600 346 2621 sona
368 2590 499 2622 alterius
522 2591 626 2621 tribus
653 2601 672 2622 a
694 2601 831 2632 persona
854 2596 1064 2623 consecrante
1093 2592 1202 2633 ipsum
1232 2604 1345 2634 agrum
1376 2604 1432 2625 seu
1463 2594 1599 2626 domum

265 2641 452 2672 huiusmodi
483 2642 674 2673 redimente.
733 2641 798 2673 Vel
828 2652 908 2683 ergo
936 2647 1066 2683 oportet
1089 2643 1135 2675 sic
1158 2644 1348 2684 opinantem
1373 2645 1482 2676 dicere
1509 2646 1598 2687 quod

264 2694 374 2726 nullus
390 2695 526 2727 alterius
545 2696 649 2727 tribus
668 2706 688 2726 a
707 2706 847 2738 persona
866 2701 1075 2728 consecrante
1096 2702 1207 2738 posset
1222 2709 1291 2730 rem
1313 2699 1501 2731 huiusmodi
1521 2711 1598 2732 con-

265 2750 424 2778 secratam
442 2748 611 2786 redimere,
628 2748 681 2779 vel
698 2748 787 2789 quod
803 2758 885 2789 eque
900 2753 975 2789 post
991 2759 1112 2780 annum
1128 2750 1286 2781 iubileum
1309 2751 1342 2782 in
1358 2752 1598 2793 possessionem

265 2803 422 2839 perpetuo
439 2799 565 2831 cederet
581 2797 901 2838 sacerdotum,'sicud
917 2801 950 2831 in
967 2801 1205 2842 possessionem
1220 2802 1352 2834 alterius
1367 2802 1473 2835 fructu
1489 2803 1598 2836 huius-

265 2849 358 2880 modi
375 2850 421 2882 rei
438 2855 624 2882 consecrate
640 2862 731 2883 sacro
747 2851 819 2883 usui
834 2852 1032 2893 deputando.
