2051 3299
684 232 748 263 DE
780 231 975 264 OFFICIO
1008 231 1163 262 REGIS.
1789 231 1867 273 123

265 339 397 377 ceteris
429 337 691 375 sacerdotibus
730 337 783 374 sic
817 348 989 386 pugnare
1024 336 1064 373 in
1096 336 1211 373 veteri
1249 342 1491 381 testamento,
1521 348 1589 385 per

261 410 354 448 illud
401 409 462 446 et1
513 409 617 445 licuit
655 407 767 445 Cristi
820 407 1082 445 sacerdotibus
1130 408 1184 445 sic
1232 419 1427 457 pugnare;
1497 408 1586 457 quia

263 481 477 519 secundum
514 482 671 517 beatum
705 479 938 529 Gregorium
977 479 1117 516 debent
1154 491 1239 516 esse
1278 479 1392 516 altilia
1430 485 1467 516 et
1504 491 1586 516 non

264 552 400 590 thauri.
473 551 654 588 Secundo
684 551 831 588 videtur
869 550 960 587 mihi
999 550 1106 599 quod
1144 550 1230 588 licet
1267 550 1504 588 meritorium
1543 548 1872 615 εἰῖὲῑὶῑιὲῒξῑεῖᾞὲξζξὲεΐ

229 623 481 673 5imperatori
515 622 573 659 vel
607 622 669 659 alii
701 622 859 660 domino
893 621 1052 659 seculari
1083 621 1210 659 iuvare
1239 633 1381 670 papam
1413 627 1589 658 nostrum
1605 616 1871 676 ξὲᾶᾗῖἓῑξξέζξξζξ

262 701 397 732 contra
417 694 631 731 Robertum
652 706 741 731 cum
761 693 902 742 gladio,
922 699 1053 729 tamen
1073 692 1286 741 religiosius
1306 692 1402 729 foret
1422 692 1590 741 undique
1605 683 1857 722 -Spifiml-agaiffit

1605 724 1641 743 1ts
1654 726 1783 749 (inermes,
1794 717 1863 742 such

263 767 294 803 si
332 778 413 803 non
454 765 503 802 ad
540 762 886 814 procuracionem²
925 776 1025 813 pape
1066 763 1133 800 sed
1172 763 1276 800 fieret
1313 762 1451 800 mero3
1482 769 1591 800 motu
1605 751 1861 817 ζζζῐῗξᾶζξξξὲάοξῧ

261 836 405 874 brachii
453 835 644 873 secularis.
719 835 768 872 Et
820 835 873 873 sie
920 835 1076 884 intelligi
1122 840 1248 884 potest
1296 835 1441 872 dictum
1488 834 1592 871 beati
1605 818 1830 883 ξξὲῌῗζζᾩξῃῑξῑε

41 912 172 944 Decret.
262 907 457 945 Ambrosii
486 907 526 943 in
541 907 637 944 libro
658 919 737 952 suo,
759 906 926 955 positum
947 906 986 942 in
1007 905 1168 943 decretis
1189 905 1291 942 xxiii.
1312 918 1349 954 q.
1375 918 1389 941 1
1402 918 1417 941 1
1430 917 1444 941 1
1463 917 1472 950 ;
1502 904 1593 942 Non

44 953 249 986 Causaxxiii.
275 980 280 985 .
346 979 352 985 .
562 978 569 985 .
657 978 663 984 .
816 979 822 984 .
1117 978 1124 983 .
1158 978 1164 984 .
1222 978 1228 983 .
1394 977 1400 983 .
1488 978 1493 983 .

44 999 85 1039 Q·
103 998 151 1029 ὦ·
168 1007 194 1028 θ’
211 1003 239 1038 7·
263 991 302 1015 zn
335 979 538 1028 inferenda,
560 984 692 1027 inquit,
713 979 779 1014 sed
804 991 843 1014 zn
874 978 1078 1026 depellenda
1106 990 1248 1013 iniuria
1268 977 1332 1014 lex
1357 980 1507 1013 virtutes
1525 980 1587 1014 est.

43 1052 89 1084 27
106 1059 136 1081 ο.
267 1049 345 1095 Qui
359 1050 451 1085 enim
472 1062 542 1085 non
563 1049 704 1097 repellit
720 1062 743 1085 a
763 1050 858 1085 socio
887 1050 1040 1093 iniuria,
1063 1049 1100 1084 si
1116 1052 1243 1097 potest,
1265 1052 1339 1085 tam
1360 1052 1413 1084 est
1429 1049 1469 1084 in
1489 1049 1583 1085 vicio

262 1134 372 1170 quam
393 1121 451 1156 ille
471 1121 538 1168 qui
546 1120 655 1169 jecit.
718 1120 821 1156 Unde
839 1123 988 1156 sanctas
1007 1118 1154 1168 Moysis
1171 1119 1260 1156 hz'nc
1279 1120 1394 1168 prius
1413 1132 1519 1156 orsus
1538 1124 1591 1156 est

262 1195 538 1240 temperamenta
554 1191 731 1228 inbecillis
734 1191 991 1240 fortitudinis.
1039 1190 1143 1227 Nam
1160 1204 1241 1227 cum
1262 1192 1413 1227 vidisset
1425 1191 1591 1227 hebreum

264 1264 310 1300 ab
331 1264 468 1312 egipcz'o
488 1264 667 1299 iniuriam
688 1264 891 1312 pacientem
913 1263 1074 1313 defendit
1095 1264 1146 1299 ita
1167 1266 1209 1299 ut
1225 1264 1404 1311 egipcium
1426 1267 1593 1311 proster-

213 1344 249 1375 15
265 1339 364 1370 neret
379 1338 484 1382 atque
502 1334 541 1369 in
561 1334 698 1370 arena4
713 1333 949 1371 absconderet.
999 1332 1174 1371 Salomon
1190 1347 1326 1382 quoque
1340 1335 1418 1370 ait:
1450 1337 1457 1352 ‘
1474 1333 1596 1382 Eripe

264 1418 342 1442 eum
376 1406 444 1453 qui
477 1406 626 1441 ducitur
663 1405 717 1441 ad
750 1405 920 1442 mortem.⁷
980 1405 1056 1442 Sed
1095 1405 1310 1442 secundum
1348 1405 1499 1455 glosam
1538 1405 1591 1442 sie

263 1476 503 1525 intelligitur:
544 1475 595 1513 Si
608 1480 721 1525 potes,
750 1476 815 1513 hoc
844 1480 904 1521 est,
930 1477 968 1513 si
993 1476 1128 1513 habeas
1147 1477 1349 1525 legitimam
1373 1481 1595 1526 potestatem.

263 1547 315 1584 Et
335 1547 452 1585 tercio
471 1547 616 1584 Videtur
636 1547 728 1583 mihi
754 1559 978 1596 expressum
1008 1548 1209 1597 quomodo
1238 1561 1339 1598 papa
1368 1554 1404 1585 et
1435 1548 1594 1586 clericus
1607 1553 1662 1592 (iii)
1675 1554 1722 1579 the
1736 1563 1852 1580 manner

1609 1597 1637 1613 m
1651 1588 1743 1614 which
1756 1588 1803 1613 the

267 1617 380 1655 debet
421 1618 474 1655 sic
511 1618 656 1655 iuvari⁵
694 1619 918 1656 auctoritate
956 1618 1101 1656 brachii
1141 1619 1331 1657 secularis.
1405 1619 1852 1688 QuamVisssfiissfflassggffss}

213 1704 254 1726 20
266 1690 371 1727 enim
416 1702 517 1739 papa
563 1689 679 1726 habet
728 1696 932 1739 utrumque
979 1690 1163 1740 gladium,
1209 1698 1252 1728 ut
1300 1691 1412 1729 docet
1460 1689 1816 1729 beatus‘hetempfflal·

47 1758 253 1833 {essgornasrid'
267 1760 513 1798 Bernhardus
532 1760 630 1798 libro
652 1761 715 1809 30⁶
732 1761 781 1798 ad
797 1761 1026 1810 Eugenium,
1043 1768 1175 1799 tamen
1192 1775 1272 1799 non
1293 1762 1409 1800 habet
1424 1763 1595 1812 gladium

48 1846 121 1877 Lib·
139 1853 195 1877 ΠΙ,
246 1827 423 1869 'civiliter
442 1839 621 1870 coactum
649 1832 699 1869 ad
729 1845 839 1870 suum
869 1834 1102 1871 exercicium
1125 1834 1363 1883 temporale⁷
1382 1835 1597 1884 personale,

268 1903 335 1940 sed
365 1903 493 1940 iuvare
523 1903 636 1941 debet
667 1910 703 1940 et
734 1917 866 1953 regere
897 1905 1128 1942 exercicium
1147 1905 1332 1943 inferioris
1362 1906 1480 1956 gladii
1509 1918 1598 1944 con-

267 1973 437 2011 formiter
469 1973 542 2023 legi
576 1974 701 2012 Cristi.
770 1975 866 2013 Ideo
899 1975 990 2013 dicit
1023 1975 1271 2014 Bernhardus
1305 1977 1411 2026 quod
1448 1978 1598 2027 gladius

216 2056 254 2088 25
269 2045 423 2082 inferior
442 2046 679 2084 exercendus
699 2053 756 2084 est
776 2059 868 2084 sane
899 2048 948 2084 ad
978 2054 1114 2085 nutum
1144 2049 1352 2086 sacerdotis
1384 2056 1421 2086 et
1449 2050 1597 2087 iussum

49 2120 250 2170 Grossetfzjte,
267 2117 521 2167 imperatoris,
550 2124 586 2155 et
615 2118 707 2155 illud
736 2119 901 2157 declarat
930 2115 1201 2158 Linconiensis
1231 2121 1392 2170 epistula
1411 2121 1534 2167 xxiiia,
1556 2127 1598 2158 ut

50 2164 219 2205 prxm.
269 2188 345 2225 dixi
365 2189 464 2225 alibi.

325 2260 364 2298 Si
384 2267 512 2298 autem
532 2260 678 2298 dicatur
698 2261 803 2310 quod
823 2261 896 2300 hoc
916 2262 1062 2300 dictum
1078 2263 1259 2300 Graciani
1279 2277 1359 2302 non
1380 2271 1437 2302 est
1464 2271 1600 2303 auten-

269 2331 388 2368 ticum
416 2338 454 2368 et
483 2332 536 2369 sic
565 2344 647 2369 non
674 2332 920 2382 allegandum
947 2340 988 2370 ut
1015 2334 1158 2372 decisio
1184 2335 1441 2382 decretalium,
1465 2337 1602 2374 dicitur

216 2413 258 2444 30
271 2402 376 2452 quod
414 2402 559 2440 dictum
599 2402 782 2441 Graciani
827 2404 962 2442 melius
1001 2404 1202 2443 fundatum
1241 2418 1289 2443 ex
1337 2408 1524 2457 scriptura
1564 2415 1601 2445 et
1614 2410 1790 2444 (Digression
1805 2410 1833 2437 in

1614 2445 1730 2471 defence
1744 2445 1776 2471 of
1785 2445 1833 2471 the

271 2473 410 2511 sanctis
439 2474 661 2512 doctoribus
692 2480 748 2512 est
784 2475 908 2524 magis
947 2478 1180 2514 autenticum
1229 2490 1345 2526 quam
1393 2479 1601 2517 decretales
1614 2479 1760 2543 ffitalffgffi'
1772 2479 1804 2505 0f

270 2545 431 2594 epistule
450 2557 524 2595 que
544 2557 626 2582 non
645 2552 732 2583 sunt
752 2559 775 2583 a
795 2546 868 2584 deo
888 2546 1055 2593 fundate,
1077 2548 1115 2584 in
1135 2549 1242 2586 cuius
1267 2550 1421 2598 signum
1441 2551 1601 2600 epistule

270 2615 331 2653 ille
358 2623 445 2654 sunt
468 2624 574 2654 extra
604 2618 743 2654 librum
781 2618 1015 2655 ordinarium
1044 2619 1296 2658 decretorum.
1355 2622 1407 2667 Si,
1428 2622 1599 2672 inquam,

315 2737 325 2757 ¹
346 2736 431 2767 idem
443 2742 509 2778 pro
524 2737 608 2768 illud
624 2742 665 2776 et,
685 2746 715 2771 Β.
825 2737 837 2754 ²
860 2739 1077 2780 curacionem,
1095 2748 1130 2772 A.
1241 2741 1253 2759 ³
1278 2752 1350 2774 mos
1365 2747 1430 2784 pro
1447 2753 1545 2779 mero,
1564 2751 1598 2776 A.

270 2786 282 2804 4
305 2787 413 2819 aliena
421 2793 485 2829 pro
500 2800 605 2825 arena,
624 2797 656 2820 A.
784 2790 796 2808 ⁵
820 2791 942 2830 iuvare,
959 2799 989 2822 Β.
1112 2794 1123 2811 ⁶
1147 2799 1194 2832 4⁰,
1212 2802 1246 2825 D.
1406 2793 1419 2811 ⁷
1442 2806 1502 2827 om.
1520 2801 1599 2827 tem-

271 2838 395 2879 porale,
412 2847 442 2869 Β.
