2051 3299
165 242 246 284 132
865 234 931 265 DE
963 231 1158 265 OFFICIO
1190 230 1347 262 REGIS.

442 348 640 390 tamquam
673 339 797 385 morti,
832 346 873 376 ut
907 339 982 376 sint
1016 336 1281 386 spectaculum
1312 335 1351 371 in
1385 334 1533 371 mundo
1566 338 1769 382 tamquam

442 413 544 450 stulti
565 419 602 449 et
622 412 763 448 infirmi
783 423 827 448 ac
847 409 1046 459 ignobiles.
1109 408 1227 455 Usque
1247 408 1285 443 in
1305 407 1401 443 banc
1421 406 1563 450 boram,
1584 403 1718 452 inquit,
1740 406 1774 439 et

441 497 506 521 nos
533 484 716 520 esurimus
743 486 777 518 et
801 482 947 518 sitimus
975 484 1008 517 et
1034 479 1129 515 nudi
1152 491 1290 523 sumus,
1311 481 1345 513 et
1362 476 1525 525 colaphis
1545 475 1719 518 cedz'mur,
1741 477 1775 509 et

443 555 630 592 instabiles
647 566 785 597 sumus,
801 557 835 589 et
850 552 1063 588 laboramus
1081 549 1252 586 manibus
1271 549 1407 584 nostris
1419 561 1432 584 .·
1461 546 1725 588 maledicimur,
1742 547 1776 580 et

444 626 706 663 benedicimus:
738 623 1028 672 persecucionem
1060 621 1245 668 patimur,
1282 623 1316 655 et
1348 620 1591 655 sustinemus:
1638 615 1771 664 blasy‘fe-
1788 618 1807 651 5

446 709 604 741 mamur,
635 700 668 732 et
694 695 945 732 obsecramus:
972 697 1149 739 tanquam
1181 689 1199 709 '¹‘
1225 693 1473 738 purgamenta
1502 688 1612 724 huius
1646 682 1834 723 mundz'29
1852 688 1884 709 a·

445 781 583 813 sumus,
620 767 781 803 omnium
820 765 1028 813 peripsema
1066 775 1178 810 usque
1214 761 1268 797 ad
1301 761 1383 797 lzuc.
1458 758 1575 795 Unde
1614 756 1771 806 quando

447 837 609 876 cessavit
649 835 874 885 persecucio
916 839 1138 871 sanctorum
1178 831 1377 868 martirum
1424 829 1544 867 sancti
1592 827 1776 866 monachi

447 909 666 947 deserentes
685 906 820 943 mundi
841 905 995 943 divicias
1017 916 1057 941 se
1080 904 1185 953 ipsos
1208 903 1400 940 meritorie
1425 901 1643 939 cruciarunt
1655 913 1665 947 3
1695 911 1776 936 non

449 980 502 1017 sic
536 979 649 1028 igitur
686 977 946 1027 imperficitur‚
982 975 1050 1013 sed
1083 974 1287 1024 perficitur,
1322 973 1445 1011 clerus
1477 972 1604 1010 Cristi.
1660 970 1777 1007 Unde
1793 979 1835 1002 10

448 1063 545 1100 rogo
562 1050 677 1088 deum
693 1060 825 1086 meum
840 1047 946 1096 quod
966 1047 1086 1083 abbas
1107 1051 1143 1082 et
1161 1045 1255 1082 socii
1275 1045 1344 1090 sui,
1361 1049 1556 1081 cessantes
1573 1041 1778 1080 defendere

452 1129 598 1160 sectam
631 1120 798 1170 Epicuri,
830 1124 1070 1168 cognoscant
1107 1116 1213 1167 quod
1246 1117 1286 1153 in
1319 1120 1555 1165 paupertate,
1576 1114 1616 1151 in
1644 1113 1780 1150 mundi

453 1192 720 1242 despeccione,
742 1196 779 1227 et
808 1202 889 1227 non
918 1190 957 1226 in
986 1189 1065 1226 eius
1095 1188 1330 1233 affidacione,
1356 1193 1429 1224 stat
1460 1186 1552 1224 cleri
1580 1184 1778 1235 perfeccio.

454 1265 569 1314 Rogo
599 1263 757 1312 insuper
785 1261 890 1311 quod
921 1260 1056 1297 fratres
1085 1273 1132 1297 ex
1161 1259 1294 1296 maiori
1323 1257 1592 1295 habundancia
1615 1256 1781 1294 caritatis

454 1342 605 1374 servent
630 1335 670 1371 in
691 1346 730 1371 se
751 1333 1034 1383 perfeccionem
1054 1331 1276 1380 primevam,
1299 1329 1465 1367 doceant
1483 1334 1520 1365 et
1540 1327 1779 1365 desiderent¹
1797 1332 1836 1365 15

455 1408 600 1445 clerum
634 1412 759 1443 totum
793 1404 1039 1442 comunicare
1073 1415 1161 1440 cum
1200 1403 1253 1439 eis
1294 1402 1340 1438 de
1378 1399 1651 1450 perfeceione2
1686 1399 1783 1436 sicut

455 1477 688 1515 lincoliensis
709 1476 875 1514 ostendit
895 1486 1068 1512 sororem
1089 1485 1200 1511 suam
1220 1473 1358 1510 debere
1379 1478 1570 1521 appetere.
1617 1470 1667 1507 Et
1687 1481 1782 1519 rogo
1797 1477 1997 1514 &osse—tete,

456 1550 574 1587 tercio
605 1547 711 1598 quod
745 1547 799 1584 sic
830 1547 1024 1584 discamus
1058 1557 1193 1593 regum
1227 1543 1494 1581 obedienciam
1523 1549 1560 1580 et
1590 1553 1784 1580 servemus
1798 1524 1858 1565 Ep.
1876 1523 1943 1553 viii.

457 1619 565 1669 quod
594 1618 676 1667 ipsi,
702 1624 902 1667 tamquam
926 1616 1056 1654 asinus
1087 1615 1249 1662 balaam,
1280 1619 1423 1664 cogant
1452 1625 1523 1651 nos
1558 1619 1594 1650 et
1622 1613 1786 1650 doceant

457 1691 529 1728 hec
551 1701 710 1728 servare.
1802 1693 1844 1715 20

178 1768 340 1801 Retuming
353 1772 381 1793 to
395 1776 446 1793 our
515 1761 592 1798 Sed
605 1761 618 1781 ⁸
640 1759 812 1798 secundo
834 1759 998 1797 obicitur
1017 1771 1085 1808 per
1105 1758 1181 1796 hoc
1201 1757 1306 1806 quod
1333 1757 1363 1794 si
1382 1770 1450 1794 rex
1470 1756 1582 1794 faciat
1603 1767 1787 1804 quecum-

179 1803 254 1830 main
268 1806 427 1835 argument,

178 1836 397 1897 {2233ssssss
459 1844 535 1882 que
566 1844 640 1881 que
672 1831 796 1868 clerus
827 1842 918 1868 suus
949 1829 1040 1867 facit
1069 1830 1292 1867 auctoritate
1323 1828 1390 1874 sui,
1410 1834 1501 1865 tunc
1531 1828 1700 1876 sequitur
1722 1838 1792 1875 per

178 1905 228 1964 3}ss
240 1903 385 1969 0122?st
397 1902 437 1934 by
460 1904 562 1941 idem
582 1915 602 1940 e
624 1908 758 1941 contra
779 1902 883 1951 quod
903 1914 1005 1950 papa
1025 1900 1114 1938 facit
1135 1900 1315 1950 quicquid
1338 1900 1424 1937 laici
1454 1899 1596 1936 faciunt
1625 1897 1790 1935 auctori-

179 1969 447 2037 ζζῑξζζῑξὲἰὲῗοῃθ
460 1981 536 2012 tate
567 1975 634 2020 sui,
665 1979 702 2011 et
731 1973 1003 2022 multiplicatur
1030 1972 1232 2021 utrobique
1261 1970 1587 2015 inconveniencia,
1618 1975 1658 2006 ut
1687 1967 1792 2018 quod

180 2037 400 2105 ἷξξὲξξῇῗζῗ
462 2059 529 2083 rex
560 2045 736 2090 celebrat,
766 2044 921 2081 conficit
950 2049 987 2080 et
1014 2043 1202 2079 ministrat
1232 2042 1364 2080 omnia
1402 2046 1654 2085 sacramenta,
1686 2039 1791 2089 quod
1807 2054 1846 2086 25

179 2105 364 2171 {ffiffffigrsis
377 2137 450 2163 done
462 2129 564 2167 papa
582 2122 741 2166 pugnat,
762 2120 940 2164 procreat
959 2120 995 2151 et
1016 2113 1233 2151 seculariter
1261 2113 1490 2150 dominatur.
1549 2112 1627 2149 Hic
1648 2111 1795 2148 videtur

182 2173 422 2266 ξῖῗῖἓῖἓῗῇξο
463 2188 557 2225 mihi
596 2186 703 2236 quod
741 2185 940 2223 conclusio
979 2185 1103 2234 prima
1136 2190 1193 2221 est
1231 2183 1493 2229 concedenda,
1528 2182 1596 2220 sed
1632 2189 1675 2219 ut
1716 2182 1796 2220 dixi

183 2250 243 2266 cce
264 2244 338 2265 rates
388 2247 433 2265 ass

184 2273 452 2333 znsstsshrffaffiggand
464 2258 614 2297 residue
635 2270 716 2295 non
736 2263 929 2302 secuntur,
953 2268 1042 2293 cum
1069 2255 1164 2293 deus
1192 2255 1281 2293 facit
1311 2255 1496 2304 quicquid
1525 2260 1698 2292 creatura
1727 2266 1796 2291 sua

184 2317 283 2375 bggets
296 2340 432 2367 children.
466 2329 607 2368 fecerit.
664 2328 781 2366 Unde
809 2340 890 2365 non
916 2327 1085 2377 sequitur
1114 2327 1144 2363 si
1174 2339 1239 2364 rex
1270 2326 1358 2363 facit
1385 2327 1522 2364 missas
1551 2325 1734 2363 celebrari
1760 2331 1797 2363 et

467 2405 752 2439 sacramentum
783 2398 931 2443 confici,
959 2404 996 2435 et
1026 2399 1078 2435 sic
1108 2397 1390 2435 celebraciones
1419 2403 1456 2434 et
1485 2397 1577 2434 alias
1605 2396 1795 2433 ministra·
1810 2407 1855 2438 30

466 2473 599 2510 ciones
619 2470 904 2516 ecclesiasticas,
921 2469 1027 2518 quod
1047 2475 1248 2518 propterea
1268 2468 1320 2505 sic
1340 2468 1505 2506 celebrat
1519 2467 1576 2504 vel
1596 2467 1796 2504 ministrat.

469 2543 547 2580 Ubi
567 2547 719 2591 oportet
750 2547 884 2578 notare
905 2540 1235 2590 equivocaciones,
1258 2539 1541 2588 descripciones
1568 2544 1604 2576 et
1635 2539 1798 2576 omnino

470 2613 691 2665 personales
711 2611 1013 2661 predicaciones,
1034 2617 1075 2648 ut
1095 2610 1197 2648 aliud
1217 2617 1274 2647 est
1294 2610 1420 2647 facere
1450 2609 1737 2647 matrimonium
1761 2614 1800 2646 et

469 2685 571 2724 aliud
591 2683 919 2722 matrimonialiter
948 2682 1103 2719 affidari.
1162 2682 1222 2719 Sic
1243 2682 1355 2731 igitur
1380 2681 1523 2718 nedum
1545 2693 1610 2718 rex
1632 2686 1668 2717 et
1685 2692 1798 2730 papa,

514 2771 522 2788 ¹
542 2771 738 2809 desiderent,
755 2781 837 2802 corr.
854 2780 895 2801 ex
910 2768 1125 2809 considerent,
1139 2777 1168 2801 Β.
1225 2767 1237 2785 ²
1251 2768 1436 2800 defeccione
1445 2771 1511 2809 pro
1526 2768 1567 2800 de
1584 2767 1796 2809 perfeccione,

471 2832 504 2853 Α.
595 2821 606 2838 ³
631 2823 667 2853 in
684 2832 788 2863 marg.
809 2828 844 2852 2ει
861 2821 1018 2860 obiecci0‚
1035 2829 1065 2853 B.
