2051 3299
160 208 213 249 74
853 207 918 239 DE
950 206 1145 240 OFFICIO
1178 207 1334 240 REGIS.

434 311 530 348 libus
561 312 737 348 scienciis.
793 310 852 348 Et
885 317 950 348 tua
989 310 1084 349 debet
1109 313 1353 361 providencia
1390 313 1440 348 eis
1473 313 1514 348 in
1546 314 1761 350 necessariis

156 392 351 450 ‘Impssrtance
364 392 397 418 of
435 382 632 419 subvenire.
705 382 789 418 Fac
825 384 990 431 aliquam
1029 385 1312 432 prerogativam
1351 383 1432 419 bene
1469 384 1693 420 studentibus
1729 389 1763 420 et

154 425 395 491 {gcfftoagssnaixgu
427 452 705 501 proficientibus
742 457 776 489 et
801 452 898 501 per1
935 454 1001 490 lzoc
1030 459 1170 502 prestes
1207 455 1296 491 aliis
1323 454 1528 491 scolaribus
1555 455 1759 503 exemplum

432 527 466 559 et
501 524 693 560 materiam
732 525 926 572 vigilandi.
983 523 1153 561 Exaudi
1177 526 1374 573 peticiones
1411 538 1545 570 eorum,
1582 526 1757 574 epistulas

431 595 546 642 recipe
591 592 647 630 et2
684 595 834 633 attende.
911 594 1094 633 Collauda
1142 596 1412 641 collaudandos,
1460 609 1652 633 remunera
1698 608 1754 632 re-
1769 603 1786 635 5

431 665 682 702 munerandos.
738 665 790 702 In
836 666 901 703 lzoc
947 667 1128 703 excitabis
1174 668 1352 704 litteratos
1389 668 1443 704 ad
1475 672 1540 703 tua
1578 669 1756 716 preconia

429 736 647 781 extollenda,
669 741 703 773 et
720 737 887 785 adgesta
907 741 971 774 tua
991 738 1030 774 in
1050 739 1251 786 scripturis
1261 739 1515 787 perpetuanda
1533 767 1540 775 .
1563 767 1570 774 .
1593 768 1600 775 .
1622 738 1672 774 In
1691 739 1757 775 hoc

430 807 636 844 bonoratur
677 809 880 856 imperium,
919 809 1112 845 decoratur
1154 822 1317 858 regnum,
1357 810 1593 846 illuminatur
1636 811 1756 855 curia,

431 879 609 914 annuales
660 883 694 915 et
739 883 845 927 gesta
897 880 1040 928 regalia
1089 881 1255 916 memorie
1306 881 1433 917 melius
1484 881 1752 918 comendantur.

435 946 539 993 Quid
567 949 782 986 sublimavit
812 962 965 998 regnum
1004 948 1207 987 Grecorum
1219 964 1238 994 ,·
1277 951 1369 999 quid
1394 956 1499 1000 gesta
1532 964 1655 988 eorum
1683 959 1756 1000 per
1771 968 1811 990 10

429 1023 540 1055 totum
578 1021 753 1057 mundum
782 1022 1045 1069 perpetualiter
1082 1022 1303 1071 diffamavit.
1344 1020 1363 1040 '¹‘
1408 1021 1494 1058 Hoc
1521 1025 1644 1059 certe?
1658 1022 1760 1072 ficit
1769 1027 1927 1058 F01.125
1941 1036 1972 1057 a.

431 1090 628 1138 diligencia
659 1092 883 1128 studencz'um
916 1097 950 1129 et
975 1093 1146 1141 probitas
1176 1091 1398 1142 sapientum?
1458 1093 1633 1130 Sciencia
1663 1106 1757 1143 ergo

431 1173 552 1209 regno
581 1163 819 1200 necessarior
848 1162 1078 1201 honoracior
1106 1170 1143 1201 et
1171 1164 1341 1212 undique
1375 1164 1502 1201 utilior
1531 1164 1645 1202 debet
1674 1176 1756 1201 am-

150 1244 255 1282 W.01¹¹d
269 1244 329 1270 that
343 1245 390 1271 the
430 1231 530 1280 plius
569 1232 750 1270 affectari.
808 1233 844 1271 O
889 1234 920 1270 si
954 1246 1090 1271 omnes
1129 1240 1355 1283 patronatus
1393 1234 1531 1283 Anglie
1561 1235 1600 1271 in
1638 1247 1756 1272 manu

150 1278 417 1371 {sgggnxgfiuggtrqn-
430 1310 593 1350 mortua,
617 1303 750 1341 saltem
778 1304 825 1341 de
852 1317 933 1342 non
959 1305 1216 1354 appropriatis
1243 1306 1426 1352 ecclesiis,
1456 1306 1579 1343 forent
1608 1305 1755 1343 limitati
1771 1313 1808 1345 15

149 1354 203 1377 age
216 1354 244 1370 ln
258 1354 317 1372 mor
332 1355 406 1372 malr!

150 1378 370 1445 ffissiwlogians
430 1386 500 1422 per
530 1386 661 1423 regem
700 1374 899 1425 theologis,
926 1376 979 1413 sic
1013 1376 1119 1425 quod
1156 1376 1299 1426 ydonei
1338 1377 1508 1425 theologi
1548 1376 1672 1415 forent
1705 1377 1756 1414 ad

430 1452 581 1483 curatas
616 1445 797 1483 ecelesias
830 1447 1046 1495 presentati,
1078 1459 1196 1497 quam
1225 1447 1435 1497 gloriosum
1466 1447 1563 1486 foret
1592 1460 1756 1497 regnum

429 1522 602 1553 nostrum
634 1523 746 1565 atque
778 1516 1010 1554 fructiferum
1041 1531 1109 1567 per
1138 1530 1270 1556 semen
1302 1519 1389 1556 fidei
1419 1518 1569 1556 incultis
1598 1519 1756 1556 subditis

148 1590 416 1652 ἷὲιῗῃνενέἶξὲιέτω
428 1599 496 1636 per
520 1587 725 1637 theologos
754 1588 1007 1626 seminatum!
1064 1589 1114 1626 Et
1143 1602 1233 1627 cum
1262 1590 1353 1627 illud
1379 1590 1473 1627 nulli
1503 1596 1658 1628 noceret
1687 1590 1756 1627 sed

147 1659 231 1685 much
242 1660 326 1692 good·
428 1658 510 1707 regi
530 1664 566 1695 et
589 1670 711 1707 regno
737 1659 907 1708 undique
936 1659 1153 1709 proficeret,
1174 1660 1321 1698 videtur
1348 1661 1453 1710 quod
1479 1674 1546 1698 rex
1575 1661 1665 1698 facit
1684 1661 1811 1698 sibi20

147 1720 210 1746 The
225 1720 303 1754 King
315 1721 405 1748 there-

146 1754 205 1780 fore
218 1755 286 1794 does
293 1755 366 1794 'him-

147 1788 393 1855 {sslffifdffgufflck
428 1801 608 1838 retardat.
665 1800 770 1838 Nam
808 1801 848 1838 in
878 1800 939 1839 De
970 1802 1134 1840 Secretis
1171 1804 1339 1852 capitulo
1368 1803 1430 1840 vif
1463 1803 1517 1841 sic
1551 1804 1757 1852 alloquitur
1770 1807 1800 1837 Ι.

146 1855 263 1915 &ga-so
275 1857 381 1888 g⁰⁰d²
426 1872 650 1909 Aristoteles
687 1872 962 1919 Alexandrum,
1011 1877 1019 1893 ‘
1038 1873 1133 1911 Cum
1180 1887 1263 1912 vero
1310 1887 1383 1912 rex
1429 1876 1566 1911 viderit
1609 1875 1762 1922 aliquod

428 1736 464 1766 et
495 1741 617 1778 regno
648 1730 887 1766 maximam3
916 1730 1104 1773 iniuriam,
1130 1732 1236 1780 quod
1266 1733 1315 1769 ab
1350 1744 1465 1781 opere
1490 1732 1672 1769 laudabili
1703 1732 1756 1770 sic

426 1942 556 1979 bonum
586 1942 604 1962 '¹‘
627 1948 662 1980 et
691 1945 777 1980 utile
794 1945 1029 1995 faciendum,
1049 1947 1196 1996 faciat,
1227 1959 1289 1982 nec
1317 1947 1429 1983 nimis
1459 1947 1528 1983 cito
1558 1959 1619 1982 nec
1645 1947 1756 1982 nimis
1768 1952 1857 1998 173³..

147 2026 185 2051 At
198 2032 309 2058 present
322 2027 359 2052 au
425 2015 530 2050 tarde
557 2028 599 2051 ne
628 2016 800 2052 videatur
822 2018 996 2053 remissus
1016 2018 1074 2054 vel
1099 2017 1339 2066 impetuosus?
1396 2017 1609 2054 Volvamus
1629 2017 1754 2066 itaque
1767 1991 1970 2067 gerg-Stgfflffet·

147 2059 272 2086 benefice
284 2061 396 2087 seekers

146 2093 379 2159 ἓξὲτζὲἳέξὲἔηε
426 2092 566 2122 statum
604 2098 856 2135 personarum
894 2087 1008 2125 hodie
1047 2089 1096 2125 ad
1134 2089 1206 2125 ista
1253 2089 1438 2125 beneficia
1485 2093 1753 2137 promotarum
1765 2090 1792 2111 0·
1805 2080 1848 2111 vi.

146 2160 295 2220 ἓῖιῐιέὒεεᾪεὲι
306 2161 392 2221 {1232-
427 2156 628 2205 quomodo
649 2163 728 2193 tam
749 2157 855 2206 digni
876 2170 993 2207 quam
1015 2159 1163 2208 indigni
1187 2166 1413 2208 sumptuose
1440 2166 1575 2208 petunt
1595 2159 1751 2205 curiam,

146 2227 412 2287 Ξὲᾒῡξζίἀέἑῐὲῡῃγ,
424 2234 461 2264 et
506 2226 596 2265 hinc
634 2240 798 2277 persone
842 2241 887 2266 ac
935 2230 1043 2278 regni
1092 2231 1311 2268 substancia
1359 2231 1613 2276 destruuntur,
1651 2230 1753 2267 illinc

146 2294 363 2355 {Esseiffissffiagssfl
425 2298 545 2335 multe
567 2310 731 2347 persone
759 2299 912 2348 ydonee
933 2301 1154 2349 symoniace
1179 2301 1441 2348 admittuntur,
1463 2308 1499 2339 et
1523 2302 1685 2339 finaliter
1713 2301 1753 2338 in

145 2362 310 2428 gssssffissjeffe
424 2375 650 2418 contemptu
670 2370 768 2419 regis
789 2377 827 2407 et
856 2372 962 2419 regni
991 2372 1204 2421 periculum
1232 2373 1341 2410 inscii
1369 2373 1456 2410 elati
1484 2373 1564 2422 regi
1594 2373 1752 2410 rebelles
1767 2382 1805 2414 25

424 2446 461 2477 et
499 2440 645 2489 populo
684 2440 836 2478 inutiles
874 2442 1123 2491 perferuntur.
1182 2443 1292 2481 Talis
1329 2444 1433 2481 enim
1473 2444 1589 2482 saltus
1627 2456 1751 2482 rome-

425 2517 598 2559 petarum
630 2516 687 2548 est
719 2512 966 2549 seminarium
999 2514 1141 2551 zizanie
1169 2516 1438 2553 contencionis
1465 2522 1502 2552 et
1530 2515 1619 2559 odii,
1649 2514 1752 2551 unde

424 2593 586 2629 regnum
606 2588 781 2619 nostrum
802 2583 919 2620 lacius
939 2584 1146 2622 intricatur.
1205 2585 1289 2623 Rex
1313 2593 1440 2623 autem
1470 2597 1549 2623 non
1577 2585 1673 2623 foret
1703 2597 1751 2622 ex

423 2651 487 2687 tali
516 2654 801 2691 sustentacione
831 2654 920 2692 cleri
951 2655 1008 2692 sui
1035 2668 1112 2705 quo
1137 2656 1185 2693 ad
1205 2656 1427 2694 thesaurum
1455 2656 1526 2694 sibi
1555 2656 1751 2705 proprium

468 2748 478 2766 ¹
503 2754 537 2780 ut
562 2760 622 2791 pro
638 2755 703 2792 pro
725 2756 756 2782 et
780 2762 846 2794 per,
864 2760 899 2791 A,
918 2760 948 2783 Β.
1037 2752 1049 2770 ²
1072 2753 1212 2795 recipere
1228 2758 1292 2795 pro
1307 2755 1414 2795 recipe
1430 2757 1471 2793 et,
1489 2761 1521 2785 Β.
1611 2754 1622 2770 ³
1646 2753 1751 2784 mani-

424 2801 538 2832 festam
556 2806 621 2842 pro
638 2803 826 2843 maximam,
847 2812 876 2835 Β.
967 2804 979 2822 4
1003 2804 1046 2844 ix,
1063 2815 1102 2843 A;
1130 2814 1179 2845 10,
1198 2813 1227 2836 Β.
