2051 3299
184 194 265 232 240
892 189 957 220 DE
990 187 1184 220 OFFICIO
1219 187 1371 218 REGIS.

463 294 612 331 homini
633 293 810 331 obeditur
830 298 867 330 et
888 292 972 330 deo.
1032 291 1108 329 Sed
1135 296 1242 328 notet
1268 289 1389 327 fidelis
1409 289 1624 337 largitatem
1646 289 1789 326 virtutis

464 363 577 401 Cristi
604 370 641 400 et
673 362 871 412 quomodo
900 362 1017 399 virtus
1052 360 1276 399 obediencie
1305 360 1346 396 in
1377 359 1456 396 aliis
1491 359 1649 396 inclinat
1679 357 1790 396 simul

464 433 513 470 ad
533 432 793 471 obediendum
814 432 888 470 deo
909 438 946 470 et
965 431 1198 476 hominibus,
1220 436 1258 466 et
1278 436 1370 466 tunc
1390 428 1530 466 videbit
1550 428 1656 478 quod
1675 429 1790 465 virtus

466 503 692 541 obediencie
725 503 764 539 in
796 502 925 543 Cristo
956 500 1061 553 (cum
1091 512 1173 538 non
1202 506 1350 548 saperet
1381 498 1705 547 inperfeccionem
1731 510 1790 535 re-

465 579 705 623 pugnantem
726 572 952 609 humanitati
974 570 1057 622 sue)
1079 570 1123 607 sit
1144 582 1222 619 quo
1249 569 1298 606 ad
1322 568 1456 606 fratres
1486 579 1577 605 suos
1597 568 1791 617 copiosior
1806 579 1824 611 5

466 650 580 693 atque
626 643 831 680 extensior.
889 642 1035 680 Cristus
1079 640 1182 677 enim
1225 639 1293 676 fuit
1332 638 1507 675 subditus
1544 637 1718 675 minister
1755 644 1792 676 et

466 725 596 751 servus
621 713 844 750 hominibus
873 712 978 762 quod
1005 717 1062 749 est
1090 711 1177 760 plus
1202 721 1319 759 quam
1343 708 1568 746 obediencia
1590 708 1794 757 generalis,

186 789 290 849 ggilpfff
294 789 455 854 etfflgirggu
467 796 557 821 cum
582 784 643 820 illa
670 783 856 832 competit
883 782 965 831 pari
988 788 1024 819 et
1051 780 1188 818 maiori
1211 784 1388 828 respectu
1412 778 1583 815 minoris.
1643 777 1794 815 Confir-

188 861 273 882 ΜΕΝ·
467 861 593 892 matur
612 854 832 904 tripliciter:
863 853 989 902 primo
1016 863 1084 901 per
1111 851 1185 888 hoc
1206 849 1311 899 quod
1337 849 1464 886 omnis
1484 854 1666 894 creatura,
1688 849 1795 886 sicud

468 925 558 962 dicit
582 924 697 962 deum
724 936 809 961 esse
838 930 1050 961 creatorem
1081 932 1205 965 suum,
1230 920 1281 956 ita
1308 918 1395 956 dicit
1420 919 1493 956 deo
1520 930 1603 956 esse
1627 919 1795 957 maxime
1811 928 1851 951 10

469 995 741 1041 obediendum,
778 1001 815 1031 et
849 1006 917 1043 per
949 1004 1192 1041 consequens
1226 991 1353 1030 Cristo
1386 990 1478 1028 dixit
1510 996 1681 1027 creatura
1711 990 1796 1039 ipso

189 1073 401 1134 ξξξῗειέῑέεῐζὲἓ
410 1072 457 1132 ug
469 1065 625 1102 inferior
651 1065 743 1101 illud
770 1064 1001 1109 disfinccius,
1024 1069 1061 1100 et
1087 1075 1155 1112 per
1175 1073 1421 1111 consequens
1442 1060 1591 1098 Cristus
1610 1059 1739 1097 debuit
1759 1060 1798 1096 in

190 1150 332 1202 Egssages
344 1141 415 1167 from
469 1136 542 1173 hoc
555 1135 711 1173 obedire
728 1134 892 1171 nunecio
908 1133 968 1171 dei
983 1133 1050 1178 sui,
1061 1134 1113 1170 sic
1129 1133 1230 1170 enirn
1246 1131 1430 1169 obediunt
1448 1131 1626 1169 homines
1641 1131 1799 1168 vocibus

471 1212 508 1244 et
537 1205 741 1251 mandatis,
763 1217 837 1254 que
859 1210 946 1241 sunt
965 1203 1072 1241 modi
1086 1204 1097 1223 ¹
1118 1203 1282 1240 entitatis
1301 1202 1530 1251 principium
1556 1207 1798 1238 terrenorum

191 1283 451 1350 Ξξὲῧὲἓῑιῇἰξὴήει
473 1276 594 1314 multo
615 1275 738 1324 magis
759 1275 940 1312 creaturis
960 1273 1107 1311 domini
1129 1273 1387 1310 dominorum.
1445 1271 1624 1309 Secundo
1644 1283 1711 1320 per
1726 1271 1800 1308 hoc
1817 1280 1855 1314 15

191 1357 312 1384 parents·
473 1347 578 1397 quod
603 1346 748 1384 Cristus
774 1345 941 1394 loquitur
963 1344 1002 1381 in
1033 1343 1209 1392 apostolo
1236 1355 1305 1380 suo
1327 1341 1464 1380 Collon
1487 1349 1531 1390 30
1551 1341 1801 1391 precipiendo
1815 1346 1889 1379 Col.
1905 1345 1951 1379 iii.
1967 1355 2017 1378 20.

472 1418 571 1455 filios
604 1416 759 1454 obedire
793 1415 1026 1464 parentibus,
1060 1414 1155 1451 sicut
1186 1413 1346 1450 mandat
1379 1413 1546 1462 primum
1574 1412 1800 1449 mandatum
1814 1421 2017 1455 Deut.v.16.

473 1487 640 1526 secunde
670 1486 810 1531 tabule,
833 1485 900 1523 sed
920 1485 1029 1522 Iesus
1058 1489 1187 1521 noster
1216 1483 1281 1532 qui
1311 1483 1412 1532 cepit
1442 1482 1565 1520 facere
1595 1488 1631 1519 et
1661 1482 1801 1520 docere

472 1557 641 1607 implevit
664 1567 822 1594 omnem
849 1555 1038 1592 iusticiam
1065 1566 1183 1604 quam
1210 1553 1414 1590 mandavit.
1473 1553 1580 1602 Ergo
1608 1553 1703 1590 sicut
1731 1552 1801 1590 fuit

474 1628 647 1666 subditus
675 1627 908 1676 parentibus,
932 1632 973 1662 ut
1003 1625 1093 1662 dicit
1123 1623 1229 1661 Luce
1264 1631 1317 1670 20,
1340 1625 1392 1661 sic
1405 1624 1499 1673 suz't
1525 1624 1601 1660 z’llz's
1630 1623 1800 1660 obediens.
1815 1630 1908 1662 Luke
1926 1630 1960 1660 ii.

477 1697 655 1735 Similiter
686 1703 794 1734 actus
825 1695 1048 1748 obediencie
1082 1694 1230 1731 homini
1261 1694 1320 1731 vel
1351 1695 1565 1731 consistunt
1604 1693 1730 1731 solum
1763 1693 1802 1729 in
1816 1697 1865 1727 N.

475 1768 616 1813 anima,
656 1766 715 1804 vel
753 1766 880 1804 solum
919 1766 959 1802 in
997 1765 1117 1814 signis
1155 1770 1274 1810 extra,
1316 1764 1375 1801 vel
1412 1764 1614 1813 utrimque.
1686 1760 1805 1801 Non²

476 1839 601 1888 primo
616 1837 747 1883 modo,
765 1842 805 1873 ut
825 1842 1010 1873 testantur
1030 1834 1247 1872 mundiales
1267 1834 1506 1872 concorditer
1525 1833 1635 1871 cum⁸
1655 1832 1805 1870 Aman⁴

478 1908 619 1946 Hester
644 1907 703 1944 iii0
729 1907 793 1956 qui
822 1912 1026 1956 propterea
1053 1905 1225 1943 offensus
1254 1904 1375 1941 fuerat
1396 1902 1659 1950 Mardocheo;
1692 1902 1709 1922 *
1733 1915 1804 1941 nec
1817 1915 1936 1947 Esther
1951 1914 1998 1947 iii,

477 1978 648 2016 secundo
678 1976 799 2014 modo
834 1988 923 2014 cum
954 1982 1025 2013 stat
1057 1987 1146 2013 cum
1178 1975 1501 2023 qualibetcunque
1533 1974 1653 2023 signis
1684 1974 1805 2011 sensi·
1816 1961 1865 1991 49
1883 1969 1914 1992 ⁰·

476 2048 615 2085 bilibus
637 2047 872 2085 derisissima
892 2045 1175 2090 inobediencia‚
1197 2051 1238 2081 ut
1259 2051 1360 2093 patet
1382 2042 1519 2081 Matth.
1541 2044 1641 2082 xxvi.
1710 2044 1805 2082 Ideo
1817 2056 1915 2087 Matt.
1935 2054 2022 2085 xxvi.

197 2121 452 2183 gigsssslilsiffir'ned
477 2118 701 2167 relinquitur
724 2124 791 2166 3¹1¹,
815 2116 920 2166 quod
946 2122 1053 2153 actus
1078 2115 1302 2152 obediencie
1329 2120 1386 2152 est
1412 2115 1539 2163 primo
1559 2115 1599 2151 in
1618 2115 1749 2152 animo
1769 2121 1806 2152 et

196 2189 452 2249 {Zrtrlggdflgffinaggt
477 2194 759 2237 consequenter
781 2187 821 2223 in
850 2198 965 2235 opere
992 2186 1219 2231 extrinseco,
1248 2191 1289 2222 ut
1316 2185 1355 2221 in
1384 2186 1506 2234 signo.
1564 2184 1665 2222 Cum
1694 2185 1807 2234 igitur

195 2256 453 2322 ᾗῑὲζζζξρῗξῗωω
478 2259 625 2297 Cristus
649 2257 884 2295 omnimodis
913 2267 1011 2305 opus
1042 2255 1228 2292 servitutis
1258 2254 1427 2291 exhibuit
1457 2255 1533 2292 suis
1557 2254 1744 2300 fratribus,
1769 2261 1806 2292 et

195 2322 314 2349 Christ's
327 2327 387 2348 acts
400 2327 429 2348 to

196 2356 252 2381 His
267 2355 360 2388 spirit.

194 2404 441 2463 Ἰξξὲἑᾞὲηξξεοῑ
478 2400 555 2438 suis
586 2398 773 2436 fratribus.
830 2397 881 2434 Et
918 2395 1023 2445 quod
1056 2395 1220 2444 apostoli
1255 2394 1505 2432 obediverunt
1540 2394 1580 2430 in
1609 2394 1807 2432 serviendo

195 2471 450 2535 sspssgtiffiiissclilcsss
479 2469 698 2507 hominibus
732 2469 850 2505 instar
886 2465 999 2503 Cristi
1033 2471 1136 2514 patet
1172 2477 1219 2502 ex
1259 2464 1413 2502 cronica
1453 2476 1611 2502 suorum
1646 2476 1807 2514 operum

195 2537 434 2602 gffgssrffsssglar
480 2546 517 2577 et
541 2538 761 2575 testimonio
792 2536 976 2585 scripture
1005 2535 1081 2572 Act
1105 2547 1139 2580 v,
1162 2535 1228 2571 ubi
1251 2534 1364 2571 Petro
1393 2540 1430 2571 et
1459 2535 1593 2571 ceteris
1622 2534 1808 2583 apostolis

197 2603 361 2630 ⁰bed³e¹¹ce·
479 2610 624 2647 dictum
653 2614 712 2645 est
745 2619 767 2644 a
797 2606 974 2656 principe
1006 2605 1262 2650 sacerdotum,
1291 2604 1534 2652 Precz'pz'endo
1558 2603 1901 2652 precepimusfiActs
1916 2620 1946 2642 v.
1964 2610 2013 2642 28.

478 2342 558 2367 non
579 2329 649 2366 fuit
669 2329 709 2365 in
730 2340 777 2365 eo
797 2333 855 2364 est
875 2332 912 2363 et
932 2338 1022 2370 non,
1041 2325 1209 2374 sequitur
1229 2325 1334 2374 quod
1354 2324 1421 2361 fuit
1442 2325 1602 2362 omnino
1622 2325 1806 2362 obediens
1821 2339 1862 2370 30

522 2700 529 2717 ¹
554 2699 644 2730 modi
661 2709 742 2731 corr.
759 2698 845 2729 Edd.
857 2702 921 2738 pro
939 2695 1078 2734 modice,
1096 2704 1131 2734 Α,
1149 2703 1179 2726 Β.
1471 2694 1483 2711 ²
1505 2705 1582 2726 vero
1599 2699 1662 2736 pro
1677 2706 1755 2734 non,
1772 2703 1806 2728 A.

477 2755 488 2773 ³
512 2759 589 2785 tam.
624 2761 657 2783 A.
849 2751 860 2768 ⁴
884 2751 1003 2786 Anian,
1022 2758 1056 2789 A,
1075 2757 1104 2780 B.
1296 2748 1307 2765 ⁵
1332 2748 1538 2790 precipimus,
1556 2757 1589 2780 Α.
