2051 3299
165 229 247 266 124
872 228 936 258 DE
968 227 1165 260 OFFICIO
1198 228 1353 261 REGIS.

440 333 569 382 aliqua
607 346 695 382 pars
735 333 975 371 decretorum
1014 346 1094 371 non
1126 334 1197 371 sit1
1232 334 1431 381 catholica,
1464 335 1531 372 sed
1560 334 1772 381 abicienda,

439 412 531 443 tune
563 413 620 442 est
651 404 757 449 falsa,
779 405 869 454 quia
890 406 1036 442 veritati
1066 406 1254 455 opposita,
1275 412 1312 442 et
1331 418 1400 454 per
1429 418 1672 455 consequens
1693 413 1773 443 tota

438 476 501 513 illa
535 475 596 513 lex
631 478 670 513 in
710 483 898 526 quantum
937 477 1160 515 huiusmodi
1191 484 1247 515 est
1283 483 1470 526 suspecta,
1505 478 1601 515 sicut
1638 478 1774 515 beatus

439 547 679 596 Augustinus
711 548 832 596 arguit
863 548 910 585 de
940 549 1128 597 scriptura
1157 561 1266 585 sacra
1286 548 1448 597 epistula
1468 548 1526 585 ixa
1546 548 1594 585 ad
1626 548 1771 586 Ieroni-
1786 549 1979 599 [ffugi-utine,

439 630 559 655 mum.
615 618 762 656 Ymmo
800 631 887 656 cum
918 632 1019 668 papa
1049 626 1085 658 et
1115 621 1327 657 cardinales
1357 622 1422 669 qui
1453 621 1594 658 debent
1627 633 1772 670 cogno-
1786 592 1848 675 ἕρ
1867 602 1909 622 1x.

440 702 545 727 scere
566 696 688 726 totum
710 690 766 727 ius
784 691 1016 728 canonicum
1031 691 1255 741 permittant
1275 690 1352 728 ita2
1367 691 1443 740 legi
1462 704 1535 728 nec
1556 692 1774 741 reprobant,

439 767 481 798 ut
505 761 661 807 videtur,
683 774 730 798 ex
760 762 1015 800 taciturnitate
1046 763 1300 800 consenciunt
1329 763 1597 812 approbando.
1655 763 1776 800 Aliter

439 832 544 869 enim
577 832 703 870 forent
733 833 847 870 nimis
879 834 1088 883 culpabiles
1122 834 1375 884 dampnando
1412 840 1608 880 testucam,
1642 847 1776 884 ymmo

440 905 566 942 lucem
596 905 762 942 veritatis
797 903 814 923 '¹‘
849 906 1092 955 ewangelice‚
1114 918 1232 954 quam
1261 918 1341 943 non
1370 912 1549 952 noscunt,
1579 912 1616 943 et
1645 912 1776 943 tamen
1790 910 1997 945 F01.138bss

440 976 589 1012 trabem
609 975 649 1012 in
670 976 835 1025 propriis
858 977 962 1014 libris
983 989 1063 1014 non
1085 977 1342 1014 considerant.
1794 1002 1834 1024 10

160 1055 429 1122 xffhifflffyugffittlloe
495 1046 611 1084 Unde
641 1054 827 1096 quantum
863 1048 911 1085 ad
941 1049 1185 1086 ablacionem
1219 1049 1490 1098 temporalium
1525 1061 1614 1099 sepe
1647 1049 1779 1098 repetii
1791 1061 1833 1090 Ε,

160 1123 430 1184 ggfftiffioarntdhgther
442 1118 643 1167 quomodo
672 1119 809 1155 beatus
839 1119 1080 1168 Augustinus
1105 1127 1142 1157 et
1169 1120 1230 1157 alii
1258 1120 1389 1166 sancti,
1418 1121 1557 1170 quibus
1587 1121 1672 1170 plus
1699 1133 1781 1158 cre-

161 1191 419 1251 {Eaenssgffigffiffis
443 1189 615 1226 dendum
642 1195 698 1226 est
722 1201 840 1239 quam
866 1191 925 1227 isti
949 1203 1048 1240 pape
1070 1197 1106 1228 et
1127 1191 1397 1237 cardinalibus,
1420 1191 1559 1230 docent
1580 1192 1780 1241 quomodo

162 1259 252 1326 ἓξὲξ
263 1259 424 1318 ἑξᾞὶξξζξῑσς
443 1260 670 1310 temporalia
700 1260 841 1298 debent
871 1261 1021 1299 aufferri
1051 1263 1100 1299 ab
1130 1262 1303 1300 hereticis
1329 1269 1366 1299 et
1393 1275 1462 1311 per
1492 1263 1683 1300 seculares
1712 1263 1781 1300 do-

163 1326 420 1359 ²0the¹³ghte0¹¹s·
445 1333 571 1370 minos
602 1332 682 1370 dari
712 1332 830 1379 iustis,
862 1339 903 1369 ut
933 1339 1039 1382 patet
1068 1334 1171 1370 xxiii.
1197 1347 1232 1383 q.
1257 1333 1316 1379 vii,
1348 1333 1399 1371 Si
1422 1335 1463 1370 de
1492 1334 1609 1370 rebus.
1672 1333 1779 1380 Quid,
1793 1337 1924 1368 Decret.

443 1404 577 1454 ianit⁷
599 1404 806 1454 indlgmlm,
829 1406 867 1441 δῖ’
891 1418 932 1441 ea
961 1418 1027 1453 que
1053 1405 1218 1441 tenebant
1248 1405 1400 1442 heretici
1421 1406 1617 1441 secuudum
1647 1381 2001 1465 ᾱοφηῂῑίὲῗῖῗξχὲι

444 1476 661 1512 voluntatem
701 1476 875 1512 catholici
907 1480 1033 1522 tenent,
1070 1489 1150 1512 cum
1186 1477 1239 1512 ad
1272 1488 1390 1513 omnes
1424 1477 1567 1524 iniquos
1605 1477 1671 1512 illa
1705 1489 1784 1513 vox

446 1547 590 1582 domini
615 1547 713 1583 valet
740 1546 884 1584 stlattlz.
904 1547 1008 1584 xxz'o
1032 1546 1272 1597 ‘Aufferetur
1302 1561 1325 1583 α
1353 1548 1453 1584 vobis
1484 1560 1638 1595 regnum
1669 1548 1729 1584 dei
1755 1553 1788 1585 et

446 1618 596 1654 dabitur
627 1618 737 1666 genti
751 1618 922 1667 facienti
951 1619 1138 1655 iusticiam
1172 1618 1271 1655 eius.’
1329 1618 1395 1654 An
1409 1619 1576 1668 frustra
1603 1619 1784 1667 scriptum

445 1693 498 1727 est
534 1688 720 1738 Sapientie
756 1690 815 1726 xi.
850 1688 991 1726 labores
1022 1691 1216 1738 impiorum
1256 1691 1350 1726 iusti
1378 1691 1480 1726 edent
1491 1693 1512 1726 Ρ
1580 1690 1785 1739 Propterea
1801 1700 1840 1721 20

448 1761 570 1809 magis
599 1761 744 1796 mirari
766 1760 894 1797 debetis
922 1761 1020 1809 quod
1043 1762 1096 1797 ad
1121 1762 1187 1798 hoc
1214 1763 1337 1798 tenetis
1351 1761 1362 1780 3
1390 1762 1538 1810 aliquid
1562 1774 1672 1809 quam
1692 1763 1791 1810 quod

169 1835 327 1896 ἕὲἑῖίεῆὲὴῑξ
341 1844 423 1894 ffigu-
449 1832 598 1880 aliquid
612 1832 802 1869 amisistis.
846 1831 896 1868 Et
913 1838 1099 1880 quantum
1120 1832 1169 1869 ad
1189 1833 1385 1870 obiectum
1402 1832 1449 1870 de
1466 1833 1788 1882 concupiscencia

169 1904 408 1969 ῗέἓῇῗδξὲξέξξγ
449 1903 502 1941 rei
532 1903 655 1940 aliene
686 1903 775 1940 dicit
803 1903 1045 1952 Augustinus
1075 1904 1181 1953 quod
1211 1904 1283 1941 ista
1312 1904 1509 1941 evidencia
1541 1911 1688 1954 septem
1719 1917 1787 1942 na-

169 1980 245 1997 more
258 1971 333 1996 force
347 1971 415 1996 than

170 2004 191 2030 it
204 2005 297 2030 would
312 2005 383 2030 have

170 2038 420 2104 {gc‘jlgffiiffiftffhee
450 2051 638 2095 potestate
661 2045 787 2082 divina
807 2052 966 2094 possent
986 2046 1141 2083 obicere
1161 2046 1222 2083 dei
1243 2046 1391 2095 populo
1416 2047 1632 2096 occupanti,
1657 2054 1694 2084 et
1716 2048 1787 2097 ipsi
1802 2057 1840 2088 25

170 2105 401 2165 ᾗζηζξξῖἓξξῃῦἕς
450 2116 563 2161 iudei,
578 2129 601 2153 a
621 2116 758 2165 quibus
779 2116 951 2153 ablatum
972 2125 1027 2154 est
1048 2129 1209 2166 regnum
1232 2117 1444 2154 secundum
1459 2118 1618 2154 verbum
1640 2118 1789 2156 domini

172 2173 268 2200 Israel.

450 1975 582 2011 ciones
603 1986 678 2023 que
702 1974 803 2011 male
823 1975 1026 2011 utebantur
1050 1981 1148 2011 terra
1170 1975 1433 2024 promissionis
1456 1982 1493 2012 et
1517 1976 1674 2024 expulse
1700 1983 1788 2014 sunt

449 2194 487 2224 et
518 2187 651 2224 datum
681 2187 786 2236 genti
816 2187 967 2224 facienti
997 2187 1196 2234 iusticiam,
1227 2194 1386 2236 possent
1409 2188 1563 2226 obicere
1588 2188 1701 2226 Cristi
1726 2202 1790 2227 ec-

449 2258 561 2295 clesie
577 2258 624 2295 de
641 2258 963 2307 concupiscencia
976 2258 1098 2295 alieni.
1139 2258 1215 2295 Sed
1230 2259 1433 2307 responsio
1451 2257 1469 2277 '¹‘
1486 2259 1691 2309 Augustini
1707 2266 1764 2297 est
1779 2274 1787 2298 z
1802 2270 1846 2301 27
1864 2269 1900 2298 d.

448 2329 538 2366 Non
558 2330 643 2375 ideo,
666 2329 798 2378 inquit,
821 2331 1106 2377 concupiscimus
1126 2331 1248 2366 aliena
1275 2331 1364 2378 quia
1391 2330 1493 2367 illius
1517 2332 1668 2379 imperio
1686 2333 1790 2368 cuius
1802 2327 1890 2358 Ibid-

433 2402 552 2451 sacta
581 2405 671 2437 sunt
696 2401 819 2437 omnia
831 2401 948 2450 facta
978 2405 1066 2437 sunt
1090 2406 1229 2438 nostra.
1287 2401 1383 2438 Ideo
1409 2401 1482 2450 ipsi
1513 2402 1792 2451 concupiscunt

451 2472 691 2521 culpabiliter
720 2471 855 2517 aliena,
881 2484 970 2509 cum
994 2472 1155 2509 omnino
1182 2485 1261 2510 non
1289 2472 1447 2509 debetur
1472 2472 1544 2510 nisi
1564 2485 1649 2510 vere
1678 2473 1792 2511 Cristi

451 2543 622 2589 ecclesie,
652 2543 762 2580 cuius
793 2549 882 2580 sunt
912 2543 1055 2590 omnia,
1087 2550 1128 2580 ut
1157 2543 1294 2581 dicitur
1327 2550 1370 2580 2ἃ
1395 2543 1486 2581 Cor.
1509 2556 1543 2590 4.
1601 2543 1718 2581 Unde
1752 2545 1822 2581 in2
1842 2550 1920 2581 Cor.
1938 2549 1983 2580 iv.-

451 2615 529 2651 fine
569 2614 779 2663 questionis
818 2615 916 2651 bene
956 2613 1222 2651 concluditur:
1266 2615 1341 2651 lziis
1383 2628 1470 2664 ergo
1509 2616 1793 2653 auctoritatibus
1805 2604 1890 2634 pass.

454 2686 614 2734 lz'quz'de‘*
638 2690 871 2722 monstratur
898 2686 997 2733 quod
1011 2698 1052 2721 ea
1081 2699 1147 2734 que
1175 2686 1221 2722 ab
1249 2687 1417 2723 hereticis
1446 2687 1538 2723 male
1558 2687 1795 2735 possidentur

498 2779 509 2799 ¹
535 2782 597 2812 erit
617 2786 679 2822 pro
703 2781 753 2819 sit,
771 2789 802 2812 B.
945 2780 958 2797 ²
982 2781 1079 2812 istam
1097 2787 1161 2823 pro
1177 2782 1232 2819 ita,
1251 2791 1284 2814 A.
1420 2782 1431 2799 ³
1455 2782 1587 2822 timetis,
1607 2787 1684 2814 text.
1702 2790 1736 2819 A,
1756 2791 1794 2819 B;

456 2833 585 2870 tenetis,
604 2834 640 2864 in
659 2844 763 2874 marg.
784 2842 816 2864 A.
946 2833 955 2851 4
979 2834 1115 2875 liquido.
