2051 3299
713 218 778 249 DE
809 217 1002 250 OFFICIO
1035 218 1191 251 REGIS.
1849 207 1900 259 89

80 330 175 361 Rom.
194 328 214 360 i.
232 336 282 369 32.
296 325 338 371 i0,
359 323 449 362 Non
468 324 583 361 solum
604 325 673 372 qui
687 325 781 361 talia
801 327 922 372 agunt
939 324 1052 372 digni
1065 327 1154 360 sunt
1171 327 1293 369 morte,
1315 323 1379 360 sed
1394 323 1464 372 qui
1477 335 1620 360 consen·
1634 332 1692 392 ξφ·
1704 331 1813 393 εἱηςῐῗὴε

295 397 396 433 tiunt
429 395 650 444 agentibus:
699 394 789 444 quia
827 405 916 431 cum
954 400 1157 443 peccatum
1192 394 1239 431 sit
1272 395 1311 430 in
1345 395 1485 440 anima,
1518 400 1622 443 patet
1636 375 1745 427 solil-go
1803 375 1818 392 e

297 465 403 516 quod
432 466 557 502 omnis
586 465 671 502 talis
701 476 912 503 consensus
946 462 1174 513 tamquam1
1209 464 1270 501 dei
1302 464 1533 514 proditorius
1567 471 1624 502 est

296 536 521 586 culpandus.
578 535 695 573 Unde
743 536 815 572 nisi
862 534 960 572 foret
1007 535 1092 572 talis
1135 534 1373 573 consensus¹
1410 535 1624 585 multiplex,

264 614 281 646 5
296 607 413 645 oblita
432 606 515 656 lege
537 606 795 655 correpcionis
815 605 990 651 fraterne,
1015 617 1229 655 numquam
1249 612 1397 643 tantum
1419 607 1624 644 crevissent

295 684 425 728 partes
459 683 496 715 et
529 677 705 726 discipuli
745 676 939 714 anticristi.
997 676 1129 714 Hodie
1168 688 1337 726 namque
1376 683 1463 715 sunt
1496 677 1623 726 plures
1638 688 1665 714 It
1679 688 1702 715 is
1716 687 1853 715 thiskind
1866 688 1899 715 of

293 748 460 786 fautores
501 748 618 797 partis
663 747 805 785 diaboli
840 747 888 784 ad
933 746 1220 784 defendendum
1261 746 1335 785 Dei
1372 748 1528 786 iniurias
1566 747 1624 784 vel
1637 723 1858 782 ἷέἓῗέἒνῗέιῖἓξ

296 819 474 857 serviliter
503 818 713 857 tacendum
734 818 920 856 iusticiam
942 830 1061 868 quam·
1087 824 1175 856 sunt
1203 830 1251 855 ex
1273 825 1382 867 parte
1402 818 1561 864 iusticie,
1584 819 1623 855 in
1636 790 1795 889 Ξὲἓὲἐὲἐὲ
1807 799 1895 823 army'

296 896 448 927 tantum
486 890 592 939 quod
623 889 673 926 ad
702 895 853 926 tantum
884 889 1040 926 invaluit
1070 902 1160 938 pars
1203 889 1362 926 adversa
1393 889 1499 939 quod
1532 897 1625 938 aput
1637 892 1793 924 prevalent.

244 970 284 992 10
297 961 440 999 multos
461 972 541 998 non
573 966 798 1009 reputantur
817 960 877 997 isti
898 972 1111 998 consensus
1131 973 1215 998 esse
1235 966 1392 1010 peccata
1409 972 1415 997 :
1449 960 1517 998 sed
1539 967 1626 998 sunt

297 1039 390 1081 aput
438 1032 533 1069 alios
574 1031 799 1080 approbata,
840 1038 931 1080 aput
972 1032 1192 1081 yppocritas
1238 1031 1421 1077 colorata,
1460 1038 1497 1069 et
1535 1037 1626 1080 aput

296 1102 482 1152 plurimos
502 1101 755 1150 pretermissa.
812 1100 958 1139 Ymmo
980 1108 1183 1150 peccatum
1205 1101 1388 1151 Symonie
1409 1102 1458 1140 ad
1477 1108 1626 1140 tantum

296 1173 454 1210 invaluit
480 1172 585 1221 quod
612 1172 844 1210 comissione
876 1171 1111 1210 omissione²
1133 1173 1193 1211 vel
1220 1185 1413 1211 consensu
1438 1174 1626 1211 maiorem

297 1250 445 1293 partem
465 1243 628 1281 ecclesie
648 1242 862 1281 maculavit.
899 1243 950 1280 Et
970 1255 1060 1281 cum
1080 1244 1173 1281 illud
1193 1245 1241 1282 sit
1261 1251 1463 1294 peceatum
1482 1245 1628 1294 gravis*

245 1324 283 1357 15
299 1315 439 1352 simum
472 1326 553 1351 non
582 1313 724 1350 mirum
755 1314 786 1351 si
813 1314 974 1352 ecclesia
1000 1316 1048 1352 sit
1074 1315 1174 1353 adeo
1213 1316 1311 1353 rethi
1349 1316 1490 1354 diaboli
1522 1317 1627 1354 intri-

80 1397 117 1429 C.
130 1397 173 1428 xi.
187 1396 227 1437 Q.
239 1395 286 1429 iii.
300 1392 441 1424 catum.
498 1385 616 1422 Unde
636 1385 686 1422 xi.
708 1397 744 1434 q.
765 1385 803 1422 iii
824 1399 830 1422 :
863 1386 917 1423 sic
937 1385 1108 1432 habetur,
1128 1390 1136 1405 ‘
1155 1385 1234 1432 Qui
1248 1389 1425 1433 consentit
1440 1389 1628 1436 peccanti-

78 1451 105 1473 c·
129 1450 198 1473 ¹0⁰·
300 1457 366 1494 bus
393 1461 428 1493 et
448 1457 608 1505 defendit
633 1457 749 1493 alium
777 1458 1045 1506 delinquentem,
1067 1459 1278 1495 maledictus
1305 1460 1376 1496 erit
1399 1464 1491 1508 aput
1507 1459 1629 1496 Deum

297 1532 332 1565 et
365 1527 536 1573 homines,
575 1532 609 1564 et
649 1529 872 1577 corripietur
918 1530 1166 1577 increpacione
1212 1531 1452 1567 severissima.
1523 1530 1629 1567 Hinc

296 1600 410 1636 eciam
430 1599 581 1647 quidam
601 1600 857 1636 sanctissimus
876 1604 989 1648 pater
1008 1601 1091 1637 ait:
1123 1599 1272 1649 Siquis
1291 1606 1443 1650 peccata
1470 1602 1630 1651 defendit

246 1682 286 1704 20
298 1671 426 1706 acrius
446 1682 556 1718 quam
578 1671 637 1707 ille
655 1671 724 1718 qui
730 1672 902 1718 peccavit
918 1671 1159 1708 coherceatur.
1217 1671 1275 1708 Et
1291 1674 1390 1709 alius
1410 1678 1523 1722 pater
1546 1674 1603 1710 ait
1615 1685 1629 1711 ,⁶

300 1739 351 1778 Si
371 1742 454 1789 quis
480 1741 634 1777 alterius
656 1742 783 1777 errori
804 1743 979 1778 consentit
1001 1743 1098 1779 sciat
1121 1755 1156 1779 se
1184 1756 1265 1780 cum
1294 1745 1356 1780 illo
1384 1745 1505 1781 simili
1528 1744 1629 1781 modo

81 1820 120 1849 Ζ.
299 1811 515 1860 culpabilem
542 1811 805 1848 iudicandum?
863 1811 1053 1858 Quintum
1079 1825 1203 1862 genus
1229 1826 1454 1860 consensus,
1484 1815 1523 1851 in
1549 1827 1628 1864 quo
1642 1824 1718 1851 Fifth
1731 1824 1799 1851 kind
1813 1824 1845 1851 of

300 1881 530 1931 generaliter
550 1882 839 1920 communicant
858 1895 992 1920 omnes
1013 1884 1113 1930 mali,
1130 1890 1187 1922 est
1207 1885 1409 1923 iuvaminis
1425 1885 1626 1935 spiritualis
1640 1858 1872 1924 ffffiffigssntggf

300 1953 531 1991 subtraccio.
588 1952 692 1990 Nam
719 1965 855 1991 omnes
889 1954 1034 1992 viantes
1068 1955 1210 1993 debent
1239 1968 1411 2005 pugnare
1445 1957 1629 1995 continue
1640 1926 1768 1959 spmtuai
1780 1926 1855 1959 help.

247 2027 285 2059 ²5
301 2030 436 2062 contra
474 2024 688 2062 exercitum
735 2025 981 2063 tenebrarum
1019 2033 1056 2064 et
1096 2039 1187 2064 cum
1225 2040 1273 2065 ex
1311 2028 1347 2065 vi
1385 2029 1630 2067 comunionig

300 2101 523 2132 sanctorum
571 2096 730 2145 quilibet
778 2096 892 2134 debet
937 2097 1065 2135 iuvare
1113 2099 1333 2148 quemlibet,
1372 2106 1476 2149 patet
1524 2100 1631 2150 quod

298 2165 466 2203 laxando
505 2167 553 2204 ab
597 2166 671 2204 isto
719 2167 910 2205 iuvamine
958 2169 1222 2207 consentitur⁸
1266 2170 1450 2220 implicite
1498 2178 1632 2209 contra

302 2236 472 2274 Cristum
492 2237 591 2286 parti
610 2238 813 2276 contrarie.
875 2238 937 2276 Sic
960 2240 1063 2277 enim
1088 2240 1250 2279 dicimus
1276 2242 1382 2291 quod
1406 2254 1486 2280 non
1506 2242 1630 2280 solum
1645 2252 1909 2281 Forasoldierwho

301 2307 411 2345 miles
437 2308 502 2357 qui
529 2320 710 2357 expresse
739 2315 874 2347 tractat
901 2309 948 2347 de
974 2310 1200 2359 prodicione
1228 2324 1317 2349 cum
1348 2312 1535 2359 hostibus,
1565 2313 1633 2351 sed
1645 2287 1859 2354 {iffgssgxtnssgilgt

249 2385 290 2417 30
304 2378 368 2427 qui
393 2390 434 2416 se
458 2379 586 2427 ipsum
612 2379 729 2427 gratis
759 2379 928 2417 vinculat
962 2381 1119 2430 quando
1145 2382 1302 2420 instaret
1332 2385 1514 2433 tempus4
1544 2384 1633 2422 belli
1646 2356 1810 2415 ξ’ἷὲἷῖοὲἓῖῗέ
1812 2363 1877 2415 {iffi

303 2460 383 2498 quo
414 2449 560 2486 iuvaret
591 2449 730 2494 socios,
756 2450 885 2498 prodit
916 2450 1056 2488 ducem
1088 2453 1285 2505 exercitus.
1341 2453 1392 2490 Et
1424 2454 1477 2492 sie
1508 2429 1793 2504 pOteStmtngues.

85 2521 272 2571 nul-xxxiii.
301 2519 460 2568 intelligi
479 2520 570 2557 illud
590 2520 785 2558 decretum
808 2523 856 2569 83
879 2521 1153 2561 distinccione:
1175 2522 1306 2561 Error
1324 2526 1389 2561 cui
1403 2538 1473 2562 non
1494 2527 1634 2563 resisti-

86 2576 113 2597 ε’
130 2576 176 2598 m'
195 2570 227 2597 et
242 2575 273 2596 ν’
303 2595 367 2627 tur
386 2590 625 2640 approbatur,
646 2595 680 2627 et
705 2593 854 2638 veritas,
876 2605 957 2629 cum
986 2594 1132 2630 minime
1159 2595 1379 2644 dffensatur,
1399 2598 1633 2645 opprimitur.

349 2719 360 2738 ¹
384 2724 553 2761 tamquam
571 2744 578 2752 .
596 2745 603 2753 .
624 2745 630 2752 .
649 2731 823 2753 consensus
840 2721 877 2751 in
893 2725 964 2762 sup.
983 2732 1090 2763 marg.
1107 2723 1150 2754 al.
1169 2734 1286 2764 manu,
1304 2732 1335 2756 B.
1413 2725 1426 2743 ²
1448 2726 1634 2767 emissione,

306 2779 350 2809 Α;
374 2772 561 2812 omissione,
586 2780 615 2804 Β.
720 2773 732 2791 ³
757 2774 929 2811 consentit,
955 2781 997 2809 Α;
1029 2775 1237 2812 consentitur,
1262 2784 1293 2808 Β.
1383 2776 1394 2795 4
1417 2781 1575 2820 tempore,
1590 2787 1613 2810 Α
1627 2790 1635 2818 ;

305 2829 446 2865 tempus,
463 2831 494 2856 Β.
