<?xml version="1.0" encoding="UTF-8"?>
<!DOCTYPE html PUBLIC "-//W3C//DTD XHTML 1.0 Transitional//EN"
    "http://www.w3.org/TR/xhtml1/DTD/xhtml1-transitional.dtd">
<html xmlns="http://www.w3.org/1999/xhtml" xml:lang="en" lang="en">
 <head>
  <title>
</title>
<meta http-equiv="Content-Type" content="text/html;charset=utf-8" />
  <meta name='ocr-system' content='tesseract 3.04.00' />
  <meta name='ocr-capabilities' content='ocr_page ocr_carea ocr_par ocr_line ocrx_word'/>
</head>
<body>
  <div class='ocr_page' id='page_1' title='image "./tractatusdeoffic00wycl_0068.png"; bbox 0 0 2051 3299; ppageno 0'>
   <div class='ocr_carea' id='block_1_1' title="bbox 164 216 1348 260">
    <p class='ocr_par' dir='ltr' id='par_1_1' title="bbox 164 216 1348 260">
     <span class='ocr_line' id='line_1_1' title="bbox 164 216 1348 260; baseline -0.001 -12"><span class='ocrx_word' id='word_1_1' title='bbox 164 218 219 260; x_wconf 76' lang='lat'>32</span> <span class='ocrx_word' id='word_1_2' title='bbox 868 216 932 247; x_wconf 92' lang='lat' dir='ltr'>DE</span> <span class='ocrx_word' id='word_1_3' title='bbox 965 216 1158 249; x_wconf 91' lang='lat' dir='ltr'>OFFICIO</span> <span class='ocrx_word' id='word_1_4' title='bbox 1192 216 1348 249; x_wconf 88' lang='lat' dir='ltr'>REGIS.</span> 
     </span>
    </p>
   </div>
   <div class='ocr_carea' id='block_1_2' title="bbox 164 318 1777 369">
    <p class='ocr_par' dir='ltr' id='par_1_2' title="bbox 164 318 1777 369">
     <span class='ocr_line' id='line_1_2' title="bbox 164 318 1777 369; baseline 0.004 -15"><span class='ocrx_word' id='word_1_5' title='bbox 164 328 221 354; x_wconf 82' lang='lat' dir='ltr'>and</span> <span class='ocrx_word' id='word_1_6' title='bbox 234 328 315 354; x_wconf 75' lang='lat' dir='ltr'>other</span> <span class='ocrx_word' id='word_1_7' title='bbox 327 333 387 354; x_wconf 82' lang='lat' dir='ltr'>out-</span> <span class='ocrx_word' id='word_1_8' title='bbox 448 318 521 357; x_wconf 89' lang='lat' dir='ltr'>alia</span> <span class='ocrx_word' id='word_1_9' title='bbox 541 319 651 368; x_wconf 85' lang='lat' dir='ltr'>signa</span> <span class='ocrx_word' id='word_1_10' title='bbox 677 320 890 368; x_wconf 87' lang='lat' dir='ltr'>corporalia</span> <span class='ocrx_word' id='word_1_11' title='bbox 910 333 989 358; x_wconf 92' lang='lat' dir='ltr'>non</span> <span class='ocrx_word' id='word_1_12' title='bbox 1011 328 1098 359; x_wconf 86' lang='lat' dir='ltr'>sunt</span> <span class='ocrx_word' id='word_1_13' title='bbox 1118 322 1196 359; x_wconf 90' lang='lat' dir='ltr'>veri</span> <span class='ocrx_word' id='word_1_14' title='bbox 1222 321 1402 369; x_wconf 86' lang='lat' dir='ltr'>honores,</span> <span class='ocrx_word' id='word_1_15' title='bbox 1425 322 1510 360; x_wconf 89' lang='lat' dir='ltr'>licet</span> <span class='ocrx_word' id='word_1_16' title='bbox 1531 323 1570 360; x_wconf 93' lang='lat' dir='ltr'>in</span> <span class='ocrx_word' id='word_1_17' title='bbox 1591 334 1682 361; x_wconf 88' lang='lat' dir='ltr'>casu</span> <span class='ocrx_word' id='word_1_18' title='bbox 1703 323 1777 360; x_wconf 89' lang='lat' dir='ltr'>sint</span> 
     </span>
    </p>
   </div>
   <div class='ocr_carea' id='block_1_3' title="bbox 164 362 394 388">
    <p class='ocr_par' dir='ltr' id='par_1_3' title="bbox 164 362 394 388">
     <span class='ocr_line' id='line_1_3' title="bbox 164 362 394 388; baseline 0.004 -2"><span class='ocrx_word' id='word_1_19' title='bbox 164 362 242 387; x_wconf 87' lang='lat' dir='ltr'>ward</span> <span class='ocrx_word' id='word_1_20' title='bbox 255 362 349 387; x_wconf 83' lang='lat' dir='ltr'>marks</span> <span class='ocrx_word' id='word_1_21' title='bbox 362 362 394 388; x_wconf 89' lang='lat' dir='ltr'>of</span> 
     </span>
    </p>
   </div>
   <div class='ocr_carea' id='block_1_4' title="bbox 164 389 1776 455">
    <p class='ocr_par' dir='ltr' id='par_1_4' title="bbox 164 389 1776 455">
     <span class='ocr_line' id='line_1_4' title="bbox 164 389 1776 455; baseline 0.002 -28"><span class='ocrx_word' id='word_1_22' title='bbox 164 395 431 455; x_wconf 52' lang='lat' dir='ltr'>lssgss‘gffiffss’ffftme</span> <span class='ocrx_word' id='word_1_23' title='bbox 446 389 555 437; x_wconf 86' lang='lat' dir='ltr'>signa</span> <span class='ocrx_word' id='word_1_24' title='bbox 586 390 745 427; x_wconf 91' lang='lat' dir='ltr'>honoris</span> <span class='ocrx_word' id='word_1_25' title='bbox 779 403 847 439; x_wconf 90' lang='lat' dir='ltr'>per</span> <span class='ocrx_word' id='word_1_26' title='bbox 873 392 1063 429; x_wconf 88' lang='lat' dir='ltr'>accidens.</span> <span class='ocrx_word' id='word_1_27' title='bbox 1120 392 1241 438; x_wconf 88' lang='lat' dir='ltr'>Patet,</span> <span class='ocrx_word' id='word_1_28' title='bbox 1275 392 1392 430; x_wconf 84' lang='lat' dir='ltr'>sicut1</span> <span class='ocrx_word' id='word_1_29' title='bbox 1425 393 1585 430; x_wconf 87' lang='lat' dir='ltr'>materia</span> <span class='ocrx_word' id='word_1_30' title='bbox 1617 393 1776 431; x_wconf 88' lang='lat' dir='ltr'>honoris</span> 
     </span>
    </p>
   </div>
   <div class='ocr_carea' id='block_1_5' title="bbox 443 461 1806 653">
    <p class='ocr_par' dir='ltr' id='par_1_5' title="bbox 443 461 1806 653">
     <span class='ocr_line' id='line_1_5' title="bbox 444 461 1775 513; baseline 0.003 -16"><span class='ocrx_word' id='word_1_31' title='bbox 444 466 501 497; x_wconf 90' lang='lat' dir='ltr'>est</span> <span class='ocrx_word' id='word_1_32' title='bbox 520 461 559 497; x_wconf 88' lang='lat' dir='ltr'>in</span> <span class='ocrx_word' id='word_1_33' title='bbox 582 461 689 498; x_wconf 90' lang='lat' dir='ltr'>omni</span> <span class='ocrx_word' id='word_1_34' title='bbox 708 474 873 510; x_wconf 89' lang='lat' dir='ltr'>persona</span> <span class='ocrx_word' id='word_1_35' title='bbox 894 474 991 510; x_wconf 86' lang='lat' dir='ltr'>eque</span> <span class='ocrx_word' id='word_1_36' title='bbox 1012 462 1228 499; x_wconf 86' lang='lat' dir='ltr'>honorabili</span> <span class='ocrx_word' id='word_1_37' title='bbox 1249 462 1463 509; x_wconf 90' lang='lat' dir='ltr'>uniformis,</span> <span class='ocrx_word' id='word_1_38' title='bbox 1486 464 1552 501; x_wconf 89' lang='lat' dir='ltr'>sed</span> <span class='ocrx_word' id='word_1_39' title='bbox 1572 464 1644 501; x_wconf 85' lang='lat' dir='ltr'>ista</span> <span class='ocrx_word' id='word_1_40' title='bbox 1664 465 1775 513; x_wconf 83' lang='lat' dir='ltr'>signa</span> 
     </span>
     <span class='ocr_line' id='line_1_6' title="bbox 444 530 1775 577; baseline 0.003 -10"><span class='ocrx_word' id='word_1_41' title='bbox 444 530 645 577; x_wconf 85' lang='lat' dir='ltr'>variantur,</span> <span class='ocrx_word' id='word_1_42' title='bbox 673 532 817 569; x_wconf 88' lang='lat' dir='ltr'>nedum</span> <span class='ocrx_word' id='word_1_43' title='bbox 840 533 880 569; x_wconf 90' lang='lat' dir='ltr'>in</span> <span class='ocrx_word' id='word_1_44' title='bbox 910 532 1066 570; x_wconf 84' lang='lat' dir='ltr'>diversis</span> <span class='ocrx_word' id='word_1_45' title='bbox 1095 533 1313 570; x_wconf 80' lang='lat' dir='ltr'><strong>climatibus</strong></span> <span class='ocrx_word' id='word_1_46' title='bbox 1343 533 1411 570; x_wconf 90' lang='lat' dir='ltr'>sed</span> <span class='ocrx_word' id='word_1_47' title='bbox 1440 534 1479 570; x_wconf 91' lang='lat' dir='ltr'>in</span> <span class='ocrx_word' id='word_1_48' title='bbox 1509 534 1645 571; x_wconf 88' lang='lat' dir='ltr'>eadem</span> <span class='ocrx_word' id='word_1_49' title='bbox 1674 540 1775 572; x_wconf 87' lang='lat' dir='ltr'>terra</span> 
     </span>
     <span class='ocr_line' id='line_1_7' title="bbox 443 602 1806 653; baseline 0.002 -15"><span class='ocrx_word' id='word_1_50' title='bbox 443 613 514 650; x_wconf 90' lang='lat' dir='ltr'>pro</span> <span class='ocrx_word' id='word_1_51' title='bbox 536 602 692 639; x_wconf 89' lang='lat' dir='ltr'>diversis</span> <span class='ocrx_word' id='word_1_52' title='bbox 717 603 963 651; x_wconf 81' lang='lat' dir='ltr'>temporibus,</span> <span class='ocrx_word' id='word_1_53' title='bbox 983 615 1117 652; x_wconf 87' lang='lat' dir='ltr'>ymmo</span> <span class='ocrx_word' id='word_1_54' title='bbox 1148 610 1185 641; x_wconf 89' lang='lat' dir='ltr'>et</span> <span class='ocrx_word' id='word_1_55' title='bbox 1211 604 1335 641; x_wconf 89' lang='lat' dir='ltr'>eidem</span> <span class='ocrx_word' id='word_1_56' title='bbox 1363 617 1527 653; x_wconf 82' lang='lat' dir='ltr'>persone</span> <span class='ocrx_word' id='word_1_57' title='bbox 1557 605 1772 643; x_wconf 84' lang='lat' dir='ltr'>honorabili</span> <span class='ocrx_word' id='word_1_58' title='bbox 1788 618 1806 650; x_wconf 86' lang='lat'>5</span> 
     </span>
    </p>
   </div>
   <div class='ocr_carea' id='block_1_6' title="bbox 164 671 1774 732">
    <p class='ocr_par' dir='ltr' id='par_1_6' title="bbox 164 671 1774 732">
     <span class='ocr_line' id='line_1_8' title="bbox 164 671 1774 732; baseline 0.001 -21"><span class='ocrx_word' id='word_1_59' title='bbox 164 671 427 732; x_wconf 42' lang='grc' dir='ltr'>ξὲξὲξξζξέῠὲὲνε</span> <span class='ocrx_word' id='word_1_60' title='bbox 443 672 655 708; x_wconf 87' lang='lat' dir='ltr'>secundum</span> <span class='ocrx_word' id='word_1_61' title='bbox 703 673 867 710; x_wconf 89' lang='lat' dir='ltr'>eandem</span> <span class='ocrx_word' id='word_1_62' title='bbox 915 674 1114 711; x_wconf 79' lang='lat' dir='ltr'>racionem</span> <span class='ocrx_word' id='word_1_63' title='bbox 1161 674 1320 712; x_wconf 91' lang='lat' dir='ltr'>honoris</span> <span class='ocrx_word' id='word_1_64' title='bbox 1367 675 1462 712; x_wconf 88' lang='lat' dir='ltr'>fiunt</span> <span class='ocrx_word' id='word_1_65' title='bbox 1510 676 1622 713; x_wconf 87' lang='lat' dir='ltr'>simul</span> <span class='ocrx_word' id='word_1_66' title='bbox 1663 676 1774 713; x_wconf 91' lang='lat' dir='ltr'>valde</span> 
     </span>
    </p>
   </div>
   <div class='ocr_carea' id='block_1_7' title="bbox 163 739 1771 804">
    <p class='ocr_par' dir='ltr' id='par_1_7' title="bbox 163 739 1771 804">
     <span class='ocr_line' id='line_1_9' title="bbox 163 739 1771 804; baseline 0.003 -26"><span class='ocrx_word' id='word_1_67' title='bbox 163 739 398 804; x_wconf 47' lang='lat' dir='ltr'>ssgrussrigcssffltiss&#39;n,</span> <span class='ocrx_word' id='word_1_68' title='bbox 443 741 609 790; x_wconf 88' lang='lat' dir='ltr'>disparia</span> <span class='ocrx_word' id='word_1_69' title='bbox 628 755 650 779; x_wconf 88' lang='lat' dir='ltr'>a</span> <span class='ocrx_word' id='word_1_70' title='bbox 671 742 838 788; x_wconf 83' lang='lat' dir='ltr'>diversis,</span> <span class='ocrx_word' id='word_1_71' title='bbox 861 744 968 793; x_wconf 90' lang='lat' dir='ltr'>quod</span> <span class='ocrx_word' id='word_1_72' title='bbox 994 757 1074 782; x_wconf 92' lang='lat' dir='ltr'>non</span> <span class='ocrx_word' id='word_1_73' title='bbox 1094 744 1190 781; x_wconf 86' lang='lat' dir='ltr'>foret</span> <span class='ocrx_word' id='word_1_74' title='bbox 1216 757 1433 782; x_wconf 89' lang='lat' dir='ltr'>consonum</span> <span class='ocrx_word' id='word_1_75' title='bbox 1455 746 1486 783; x_wconf 91' lang='lat' dir='ltr'>si</span> <span class='ocrx_word' id='word_1_76' title='bbox 1507 746 1617 794; x_wconf 83' lang='lat' dir='ltr'>signa</span> <span class='ocrx_word' id='word_1_77' title='bbox 1642 746 1771 784; x_wconf 90' lang='lat' dir='ltr'>huius-</span> 
     </span>
    </p>
   </div>
   <div class='ocr_carea' id='block_1_8' title="bbox 163 806 1855 932">
    <p class='ocr_par' dir='ltr' id='par_1_8' title="bbox 163 806 1855 932">
     <span class='ocr_line' id='line_1_10' title="bbox 163 806 1855 871; baseline 0.003 -22"><span class='ocrx_word' id='word_1_78' title='bbox 163 806 389 871; x_wconf 53' lang='grc' dir='ltr'>ζζξῃῗξῃῗίζνζζ</span> <span class='ocrx_word' id='word_1_79' title='bbox 400 815 431 832; x_wconf 64' lang='lat'>³⁵</span> <span class='ocrx_word' id='word_1_80' title='bbox 444 811 572 850; x_wconf 84' lang='lat' dir='ltr'>modi2</span> <span class='ocrx_word' id='word_1_81' title='bbox 609 814 684 850; x_wconf 90' lang='lat' dir='ltr'>sint</span> <span class='ocrx_word' id='word_1_82' title='bbox 722 813 900 852; x_wconf 90' lang='lat' dir='ltr'>honores.</span> <span class='ocrx_word' id='word_1_83' title='bbox 969 814 1077 863; x_wconf 83' lang='lat' dir='ltr'>Ergo</span> <span class='ocrx_word' id='word_1_84' title='bbox 1115 815 1312 853; x_wconf 86' lang='lat' dir='ltr'>conclusio</span> <span class='ocrx_word' id='word_1_85' title='bbox 1349 816 1477 854; x_wconf 89' lang='lat' dir='ltr'>minor</span> <span class='ocrx_word' id='word_1_86' title='bbox 1523 817 1670 854; x_wconf 90' lang='lat' dir='ltr'>videtur</span> <span class='ocrx_word' id='word_1_87' title='bbox 1706 829 1774 867; x_wconf 90' lang='lat' dir='ltr'>per</span> <span class='ocrx_word' id='word_1_88' title='bbox 1787 821 1811 849; x_wconf 87' lang='grc'>8</span> <span class='ocrx_word' id='word_1_89' title='bbox 1826 829 1855 851; x_wconf 84' lang='lat' dir='ltr'>c-</span> 
     </span>
     <span class='ocr_line' id='line_1_11' title="bbox 164 873 414 904; baseline 0.008 -7"><span class='ocrx_word' id='word_1_90' title='bbox 164 881 229 898; x_wconf 85' lang='lat' dir='ltr'>man</span> <span class='ocrx_word' id='word_1_91' title='bbox 248 881 278 898; x_wconf 82' lang='lat' dir='ltr'>as</span> <span class='ocrx_word' id='word_1_92' title='bbox 292 879 320 898; x_wconf 93' lang='lat' dir='ltr'>to</span> <span class='ocrx_word' id='word_1_93' title='bbox 334 873 414 904; x_wconf 87' lang='lat' dir='ltr'>God;</span> 
     </span>
     <span class='ocr_line' id='line_1_12' title="bbox 163 906 414 932; baseline 0.008 -2"><span class='ocrx_word' id='word_1_94' title='bbox 163 906 256 931; x_wconf 87' lang='lat' dir='ltr'>which</span> <span class='ocrx_word' id='word_1_95' title='bbox 270 907 352 932; x_wconf 83' lang='lat' dir='ltr'>could</span> <span class='ocrx_word' id='word_1_96' title='bbox 366 912 414 932; x_wconf 88' lang='lat' dir='ltr'>not</span> 
     </span>
    </p>
   </div>
   <div class='ocr_carea' id='block_1_9' title="bbox 163 940 1831 1004">
    <p class='ocr_par' dir='ltr' id='par_1_9' title="bbox 163 940 1831 1004">
     <span class='ocr_line' id='line_1_13' title="bbox 164 940 1693 966; baseline 0.002 -2"><span class='ocrx_word' id='word_1_97' title='bbox 164 940 199 964; x_wconf 89' lang='lat' dir='ltr'>be</span> <span class='ocrx_word' id='word_1_98' title='bbox 212 940 259 965; x_wconf 91' lang='lat' dir='ltr'>the</span> <span class='ocrx_word' id='word_1_99' title='bbox 272 949 335 966; x_wconf 84' lang='lat' dir='ltr'>case</span> <span class='ocrx_word' id='word_1_100' title='bbox 349 940 417 966; x_wconf 84' lang='lat' dir='ltr'>with</span> <span class='ocrx_word' id='word_1_101' title='bbox 1157 956 1164 963; x_wconf 91' lang='lat'><strong>·</strong></span> <span class='ocrx_word' id='word_1_102' title='bbox 1323 957 1330 963; x_wconf 88' lang='lat'><strong>·</strong></span> <span class='ocrx_word' id='word_1_103' title='bbox 1478 957 1484 964; x_wconf 87' lang='lat'><em>-</em></span> <span class='ocrx_word' id='word_1_104' title='bbox 1686 958 1693 965; x_wconf 88' lang='lat'><strong>·</strong></span> 
     </span>
     <span class='ocr_line' id='line_1_14' title="bbox 163 954 1831 1004; baseline 0.001 -14"><span class='ocrx_word' id='word_1_105' title='bbox 163 978 225 999; x_wconf 65' lang='lat' dir='ltr'>true</span> <span class='ocrx_word' id='word_1_106' title='bbox 238 973 356 1000; x_wconf 45' lang='lat' dir='ltr'>honour·</span> <span class='ocrx_word' id='word_1_107' title='bbox 444 954 684 991; x_wconf 84' lang='lat' dir='ltr'>honorando.</span> <span class='ocrx_word' id='word_1_108' title='bbox 725 954 837 1000; x_wconf 89' lang='lat' dir='ltr'>Item,</span> <span class='ocrx_word' id='word_1_109' title='bbox 858 961 1046 1004; x_wconf 85' lang='lat' dir='ltr'>quantum</span> <span class='ocrx_word' id='word_1_110' title='bbox 1066 956 1115 993; x_wconf 86' lang='lat' dir='ltr'>ad</span> <span class='ocrx_word' id='word_1_111' title='bbox 1136 968 1247 1004; x_wconf 82' lang='lat' dir='ltr'>signa</span> <span class='ocrx_word' id='word_1_112' title='bbox 1267 956 1498 1004; x_wconf 84' lang='lat' dir='ltr'>hu1usmod1,</span> <span class='ocrx_word' id='word_1_113' title='bbox 1518 963 1598 994; x_wconf 88' lang='lat' dir='ltr'>tam</span> <span class='ocrx_word' id='word_1_114' title='bbox 1618 970 1717 995; x_wconf 84' lang='lat' dir='ltr'>vane</span> <span class='ocrx_word' id='word_1_115' title='bbox 1738 964 1775 995; x_wconf 90' lang='lat' dir='ltr'>et</span> <span class='ocrx_word' id='word_1_116' title='bbox 1791 971 1831 993; x_wconf 91' lang='lat'>10</span> 
     </span>
    </p>
   </div>
   <div class='ocr_carea' id='block_1_10' title="bbox 445 883 1774 936">
    <p class='ocr_par' dir='ltr' id='par_1_10' title="bbox 445 883 1774 936">
     <span class='ocr_line' id='line_1_15' title="bbox 445 883 1774 936; baseline 0.004 -16"><span class='ocrx_word' id='word_1_117' title='bbox 445 883 531 930; x_wconf 88' lang='lat' dir='ltr'>hoc,</span> <span class='ocrx_word' id='word_1_118' title='bbox 566 883 671 933; x_wconf 89' lang='lat' dir='ltr'>quod</span> <span class='ocrx_word' id='word_1_119' title='bbox 704 884 833 921; x_wconf 89' lang='lat' dir='ltr'>omnis</span> <span class='ocrx_word' id='word_1_120' title='bbox 872 891 995 922; x_wconf 86' lang='lat' dir='ltr'>rectus</span> <span class='ocrx_word' id='word_1_121' title='bbox 1034 885 1159 923; x_wconf 88' lang='lat' dir='ltr'>honor</span> <span class='ocrx_word' id='word_1_122' title='bbox 1197 885 1311 923; x_wconf 88' lang='lat' dir='ltr'>debet</span> <span class='ocrx_word' id='word_1_123' title='bbox 1347 898 1431 924; x_wconf 89' lang='lat' dir='ltr'>esse</span> <span class='ocrx_word' id='word_1_124' title='bbox 1469 887 1774 936; x_wconf 89' lang='lat' dir='ltr'>proporcionalis</span> 
     </span>
    </p>
   </div>
   <div class='ocr_carea' id='block_1_11' title="bbox 160 1025 1829 1572">
    <p class='ocr_par' dir='ltr' id='par_1_11' title="bbox 160 1025 1829 1572">
     <span class='ocr_line' id='line_1_16' title="bbox 444 1025 1776 1076; baseline 0.002 -14"><span class='ocrx_word' id='word_1_125' title='bbox 444 1031 523 1062; x_wconf 89' lang='lat' dir='ltr'>tam</span> <span class='ocrx_word' id='word_1_126' title='bbox 543 1025 702 1074; x_wconf 90' lang='lat' dir='ltr'>copiose</span> <span class='ocrx_word' id='word_1_127' title='bbox 731 1031 768 1062; x_wconf 91' lang='lat' dir='ltr'>et</span> <span class='ocrx_word' id='word_1_128' title='bbox 798 1025 888 1063; x_wconf 85' lang='lat' dir='ltr'>satis</span> <span class='ocrx_word' id='word_1_129' title='bbox 917 1026 1094 1075; x_wconf 83' lang='lat' dir='ltr'>religiose</span> <span class='ocrx_word' id='word_1_130' title='bbox 1125 1027 1400 1076; x_wconf 87' lang='lat' dir='ltr'>impenduntur</span> <span class='ocrx_word' id='word_1_131' title='bbox 1429 1027 1649 1065; x_wconf 86' lang='lat' dir='ltr'>hominibus</span> <span class='ocrx_word' id='word_1_132' title='bbox 1678 1029 1776 1066; x_wconf 88' lang='lat' dir='ltr'>sicut</span> 
     </span>
     <span class='ocr_line' id='line_1_17' title="bbox 443 1095 1775 1148; baseline 0.003 -16"><span class='ocrx_word' id='word_1_133' title='bbox 443 1095 529 1141; x_wconf 89' lang='lat' dir='ltr'>deo,</span> <span class='ocrx_word' id='word_1_134' title='bbox 554 1095 661 1145; x_wconf 91' lang='lat' dir='ltr'>quod</span> <span class='ocrx_word' id='word_1_135' title='bbox 687 1108 767 1134; x_wconf 90' lang='lat' dir='ltr'>non</span> <span class='ocrx_word' id='word_1_136' title='bbox 795 1096 892 1134; x_wconf 85' lang='lat' dir='ltr'>foret</span> <span class='ocrx_word' id='word_1_137' title='bbox 919 1097 949 1134; x_wconf 90' lang='lat' dir='ltr'>si</span> <span class='ocrx_word' id='word_1_138' title='bbox 977 1097 1087 1146; x_wconf 86' lang='lat' dir='ltr'>signa</span> <span class='ocrx_word' id='word_1_139' title='bbox 1115 1097 1337 1136; x_wconf 89' lang='lat' dir='ltr'>huiusmodi</span> <span class='ocrx_word' id='word_1_140' title='bbox 1365 1098 1438 1135; x_wconf 89' lang='lat' dir='ltr'>sint</span> <span class='ocrx_word' id='word_1_141' title='bbox 1461 1098 1651 1136; x_wconf 87' lang='lat' dir='ltr'>honores:</span> <span class='ocrx_word' id='word_1_142' title='bbox 1681 1111 1775 1148; x_wconf 85' lang='lat' dir='ltr'>ergo</span> 
     </span>
     <span class='ocr_line' id='line_1_18' title="bbox 443 1167 1775 1207; baseline 0.003 -4"><span class='ocrx_word' id='word_1_143' title='bbox 443 1167 653 1205; x_wconf 88' lang='lat' dir='ltr'>conclusio.</span> <span class='ocrx_word' id='word_1_144' title='bbox 712 1167 813 1205; x_wconf 90' lang='lat' dir='ltr'>Cum</span> <span class='ocrx_word' id='word_1_145' title='bbox 833 1168 936 1205; x_wconf 90' lang='lat' dir='ltr'>enim</span> <span class='ocrx_word' id='word_1_146' title='bbox 957 1168 1083 1206; x_wconf 90' lang='lat' dir='ltr'>honor</span> <span class='ocrx_word' id='word_1_147' title='bbox 1103 1176 1139 1207; x_wconf 85' lang='lat' dir='ltr'>et</span> <span class='ocrx_word' id='word_1_148' title='bbox 1159 1168 1411 1206; x_wconf 86' lang='lat' dir='ltr'>honorandus</span> <span class='ocrx_word' id='word_1_149' title='bbox 1441 1169 1606 1206; x_wconf 89' lang='lat' dir='ltr'>debeant</span> <span class='ocrx_word' id='word_1_150' title='bbox 1627 1181 1775 1207; x_wconf 89' lang='lat' dir='ltr'>corres-</span> 
     </span>
     <span class='ocr_line' id='line_1_19' title="bbox 442 1238 1774 1290; baseline 0.003 -16"><span class='ocrx_word' id='word_1_151' title='bbox 442 1238 613 1286; x_wconf 89' lang='lat' dir='ltr'>pondere</span> <span class='ocrx_word' id='word_1_152' title='bbox 644 1245 746 1287; x_wconf 86' lang='lat' dir='ltr'>patet</span> <span class='ocrx_word' id='word_1_153' title='bbox 777 1239 883 1288; x_wconf 88' lang='lat' dir='ltr'>quod</span> <span class='ocrx_word' id='word_1_154' title='bbox 914 1239 1107 1276; x_wconf 88' lang='lat' dir='ltr'>infinitum</span> <span class='ocrx_word' id='word_1_155' title='bbox 1136 1239 1337 1277; x_wconf 81' lang='lat' dir='ltr'>excederet</span> <span class='ocrx_word' id='word_1_156' title='bbox 1371 1240 1497 1278; x_wconf 91' lang='lat' dir='ltr'>honor</span> <span class='ocrx_word' id='word_1_157' title='bbox 1541 1240 1774 1290; x_wconf 87' lang='lat' dir='ltr'>quicumque</span> 
     </span>
     <span class='ocr_line' id='line_1_20' title="bbox 445 1308 1826 1360; baseline -0.001 -14"><span class='ocrx_word' id='word_1_158' title='bbox 445 1308 519 1346; x_wconf 91' lang='lat' dir='ltr'>deo</span> <span class='ocrx_word' id='word_1_159' title='bbox 549 1309 697 1347; x_wconf 91' lang='lat' dir='ltr'>debitus</span> <span class='ocrx_word' id='word_1_160' title='bbox 727 1309 918 1348; x_wconf 88' lang='lat' dir='ltr'>honorem</span> <span class='ocrx_word' id='word_1_161' title='bbox 949 1310 1122 1347; x_wconf 91' lang='lat' dir='ltr'>debitum</span> <span class='ocrx_word' id='word_1_162' title='bbox 1151 1317 1334 1357; x_wconf 80' lang='lat' dir='ltr'>creature,</span> <span class='ocrx_word' id='word_1_163' title='bbox 1356 1311 1454 1348; x_wconf 85' lang='lat' dir='ltr'>sicut</span> <span class='ocrx_word' id='word_1_164' title='bbox 1473 1318 1578 1360; x_wconf 87' lang='lat' dir='ltr'>patet</span> <span class='ocrx_word' id='word_1_165' title='bbox 1600 1311 1647 1349; x_wconf 92' lang='lat' dir='ltr'>de</span> <span class='ocrx_word' id='word_1_166' title='bbox 1667 1311 1773 1349; x_wconf 89' lang='lat' dir='ltr'>latria</span> <span class='ocrx_word' id='word_1_167' title='bbox 1788 1324 1826 1356; x_wconf 84' lang='lat'>15</span> 
     </span>
     <span class='ocr_line' id='line_1_21' title="bbox 442 1379 1774 1432; baseline 0.003 -16"><span class='ocrx_word' id='word_1_168' title='bbox 442 1385 479 1417; x_wconf 93' lang='lat' dir='ltr'>et</span> <span class='ocrx_word' id='word_1_169' title='bbox 517 1379 629 1417; x_wconf 88' lang='lat' dir='ltr'>dulia.</span> <span class='ocrx_word' id='word_1_170' title='bbox 688 1379 790 1417; x_wconf 91' lang='lat' dir='ltr'>Cum</span> <span class='ocrx_word' id='word_1_171' title='bbox 824 1380 961 1429; x_wconf 77' lang='lat' dir='ltr'>igitur⁸</span> <span class='ocrx_word' id='word_1_172' title='bbox 995 1393 1075 1418; x_wconf 91' lang='lat' dir='ltr'>non</span> <span class='ocrx_word' id='word_1_173' title='bbox 1114 1393 1322 1430; x_wconf 89' lang='lat' dir='ltr'>possumus</span> <span class='ocrx_word' id='word_1_174' title='bbox 1351 1387 1482 1430; x_wconf 88' lang='lat' dir='ltr'>aptare</span> <span class='ocrx_word' id='word_1_175' title='bbox 1511 1382 1634 1420; x_wconf 85' lang='lat' dir='ltr'>taliter</span> <span class='ocrx_word' id='word_1_176' title='bbox 1663 1383 1774 1432; x_wconf 86' lang='lat' dir='ltr'>signa</span> 
     </span>
     <span class='ocr_line' id='line_1_22' title="bbox 441 1450 1773 1501; baseline 0.003 -15"><span class='ocrx_word' id='word_1_177' title='bbox 441 1450 663 1487; x_wconf 90' lang='lat' dir='ltr'>huiusmodi</span> <span class='ocrx_word' id='word_1_178' title='bbox 689 1450 836 1488; x_wconf 82' lang='lat' dir='ltr'>videtur</span> <span class='ocrx_word' id='word_1_179' title='bbox 859 1451 964 1501; x_wconf 90' lang='lat' dir='ltr'>quod</span> <span class='ocrx_word' id='word_1_180' title='bbox 991 1451 1030 1487; x_wconf 91' lang='lat' dir='ltr'>in</span> <span class='ocrx_word' id='word_1_181' title='bbox 1057 1458 1194 1488; x_wconf 88' lang='lat' dir='ltr'>natura</span> <span class='ocrx_word' id='word_1_182' title='bbox 1222 1452 1295 1489; x_wconf 89' lang='lat' dir='ltr'>alia</span> <span class='ocrx_word' id='word_1_183' title='bbox 1319 1451 1443 1490; x_wconf 92' lang='lat' dir='ltr'>honor</span> <span class='ocrx_word' id='word_1_184' title='bbox 1469 1453 1773 1501; x_wconf 85' lang='lat' dir='ltr'>proporcionalis</span> 
     </span>
     <span class='ocr_line' id='line_1_23' title="bbox 160 1521 1829 1572; baseline 0.002 -15"><span class='ocrx_word' id='word_1_185' title='bbox 160 1526 229 1552; x_wconf 84' lang='lat' dir='ltr'>Also</span> <span class='ocrx_word' id='word_1_186' title='bbox 242 1534 273 1551; x_wconf 81' lang='lat' dir='ltr'>as</span> <span class='ocrx_word' id='word_1_187' title='bbox 285 1525 395 1552; x_wconf 84' lang='lat' dir='ltr'>honour</span> <span class='ocrx_word' id='word_1_188' title='bbox 441 1527 498 1558; x_wconf 87' lang='lat' dir='ltr'>est</span> <span class='ocrx_word' id='word_1_189' title='bbox 526 1521 756 1570; x_wconf 88' lang='lat' dir='ltr'>querendus.</span> <span class='ocrx_word' id='word_1_190' title='bbox 811 1521 911 1559; x_wconf 89' lang='lat' dir='ltr'>Item</span> <span class='ocrx_word' id='word_1_191' title='bbox 945 1534 1035 1560; x_wconf 92' lang='lat' dir='ltr'>cum</span> <span class='ocrx_word' id='word_1_192' title='bbox 1070 1522 1196 1560; x_wconf 88' lang='lat' dir='ltr'>omnis</span> <span class='ocrx_word' id='word_1_193' title='bbox 1230 1522 1315 1560; x_wconf 86' lang='lat' dir='ltr'>talis</span> <span class='ocrx_word' id='word_1_194' title='bbox 1345 1522 1471 1560; x_wconf 91' lang='lat' dir='ltr'>honor</span> <span class='ocrx_word' id='word_1_195' title='bbox 1502 1523 1548 1560; x_wconf 89' lang='lat' dir='ltr'>sit</span> <span class='ocrx_word' id='word_1_196' title='bbox 1581 1524 1772 1572; x_wconf 89' lang='lat' dir='ltr'>premium</span> <span class='ocrx_word' id='word_1_197' title='bbox 1786 1531 1829 1560; x_wconf 84' lang='lat' dir='ltr'>L.</span> 
     </span>
    </p>
   </div>
   <div class='ocr_carea' id='block_1_12' title="bbox 161 1559 412 1586">
    <p class='ocr_par' dir='ltr' id='par_1_12' title="bbox 161 1559 412 1586">
     <span class='ocr_line' id='line_1_24' title="bbox 161 1559 412 1586; baseline 0 0"><span class='ocrx_word' id='word_1_198' title='bbox 161 1559 185 1586; x_wconf 82' lang='lat' dir='ltr'>is</span> <span class='ocrx_word' id='word_1_199' title='bbox 198 1560 245 1585; x_wconf 85' lang='lat' dir='ltr'>the</span> <span class='ocrx_word' id='word_1_200' title='bbox 259 1561 365 1585; x_wconf 85' lang='lat' dir='ltr'>reward</span> <span class='ocrx_word' id='word_1_201' title='bbox 379 1560 412 1586; x_wconf 89' lang='lat' dir='ltr'>of</span> 
     </span>
    </p>
   </div>
   <div class='ocr_carea' id='block_1_13' title="bbox 161 1592 1774 1659">
    <p class='ocr_par' dir='ltr' id='par_1_13' title="bbox 161 1592 1774 1659">
     <span class='ocr_line' id='line_1_25' title="bbox 161 1592 1774 1659; baseline 0.002 -31"><span class='ocrx_word' id='word_1_202' title='bbox 161 1592 428 1659; x_wconf 45' lang='lat' dir='ltr'>‘s&#39;ssrrssffihissgffiifffi</span> <span class='ocrx_word' id='word_1_203' title='bbox 440 1592 586 1629; x_wconf 86' lang='lat' dir='ltr'>virtutis</span> <span class='ocrx_word' id='word_1_204' title='bbox 609 1592 758 1630; x_wconf 85' lang='lat' dir='ltr'>videtur</span> <span class='ocrx_word' id='word_1_205' title='bbox 782 1592 888 1642; x_wconf 88' lang='lat' dir='ltr'>quod</span> <span class='ocrx_word' id='word_1_206' title='bbox 918 1592 1032 1631; x_wconf 75' lang='lat' dir='ltr'>deus4</span> <span class='ocrx_word' id='word_1_207' title='bbox 1061 1593 1244 1630; x_wconf 90' lang='lat' dir='ltr'>ordinans</span> <span class='ocrx_word' id='word_1_208' title='bbox 1271 1593 1378 1631; x_wconf 88' lang='lat' dir='ltr'>illum</span> <span class='ocrx_word' id='word_1_209' title='bbox 1408 1594 1447 1630; x_wconf 91' lang='lat' dir='ltr'>in</span> <span class='ocrx_word' id='word_1_210' title='bbox 1475 1594 1666 1643; x_wconf 89' lang='lat' dir='ltr'>premium</span> <span class='ocrx_word' id='word_1_211' title='bbox 1694 1607 1774 1632; x_wconf 92' lang='lat' dir='ltr'>non</span> 
     </span>
    </p>
   </div>
   <div class='ocr_carea' id='block_1_14' title="bbox 161 1661 1832 1720">
    <p class='ocr_par' dir='ltr' id='par_1_14' title="bbox 161 1661 1832 1720">
     <span class='ocr_line' id='line_1_26' title="bbox 161 1661 1832 1720; baseline 0.003 -21"><span class='ocrx_word' id='word_1_212' title='bbox 161 1661 400 1720; x_wconf 46' lang='grc' dir='ltr'>ἓζὲεξξέῑέἔζὲθ»</span> <span class='ocrx_word' id='word_1_213' title='bbox 440 1663 547 1712; x_wconf 91' lang='lat' dir='ltr'>ponit</span> <span class='ocrx_word' id='word_1_214' title='bbox 579 1662 769 1700; x_wconf 90' lang='lat' dir='ltr'>honorem</span> <span class='ocrx_word' id='word_1_215' title='bbox 804 1663 843 1699; x_wconf 92' lang='lat' dir='ltr'>in</span> <span class='ocrx_word' id='word_1_216' title='bbox 881 1663 999 1712; x_wconf 81' lang='lat' dir='ltr'>signis</span> <span class='ocrx_word' id='word_1_217' title='bbox 1032 1663 1263 1701; x_wconf 88' lang='lat' dir='ltr'>huiusmodi.</span> <span class='ocrx_word' id='word_1_218' title='bbox 1321 1663 1427 1701; x_wconf 93' lang='lat' dir='ltr'>Nam</span> <span class='ocrx_word' id='word_1_219' title='bbox 1465 1665 1656 1713; x_wconf 88' lang='lat' dir='ltr'>premium</span> <span class='ocrx_word' id='word_1_220' title='bbox 1694 1671 1774 1702; x_wconf 89' lang='lat' dir='ltr'>tam</span> <span class='ocrx_word' id='word_1_221' title='bbox 1791 1683 1832 1705; x_wconf 86' lang='lat'>20</span> 
     </span>
    </p>
   </div>
   <div class='ocr_carea' id='block_1_15' title="bbox 161 1728 1778 1794">
    <p class='ocr_par' dir='ltr' id='par_1_15' title="bbox 161 1728 1778 1794">
     <span class='ocr_line' id='line_1_27' title="bbox 161 1728 1778 1794; baseline 0.002 -26"><span class='ocrx_word' id='word_1_222' title='bbox 161 1728 341 1792; x_wconf 52' lang='grc' dir='ltr'>ξξέῐξθξνξξςξ</span> <span class='ocrx_word' id='word_1_223' title='bbox 355 1737 428 1794; x_wconf 57' lang='lat' dir='ltr'>ffi‘ye</span> <span class='ocrx_word' id='word_1_224' title='bbox 441 1733 637 1782; x_wconf 83' lang='lat' dir='ltr'>magnifici</span> <span class='ocrx_word' id='word_1_225' title='bbox 658 1733 771 1770; x_wconf 88' lang='lat' dir='ltr'>debet</span> <span class='ocrx_word' id='word_1_226' title='bbox 791 1745 876 1772; x_wconf 90' lang='lat' dir='ltr'>esse</span> <span class='ocrx_word' id='word_1_227' title='bbox 897 1734 1032 1771; x_wconf 90' lang='lat' dir='ltr'>melius</span> <span class='ocrx_word' id='word_1_228' title='bbox 1052 1746 1170 1783; x_wconf 90' lang='lat' dir='ltr'>quam</span> <span class='ocrx_word' id='word_1_229' title='bbox 1200 1746 1312 1771; x_wconf 90' lang='lat' dir='ltr'>suum</span> <span class='ocrx_word' id='word_1_230' title='bbox 1339 1735 1528 1772; x_wconf 88' lang='lat' dir='ltr'>meritum.</span> <span class='ocrx_word' id='word_1_231' title='bbox 1588 1734 1663 1772; x_wconf 88' lang='lat' dir='ltr'>Sed</span> <span class='ocrx_word' id='word_1_232' title='bbox 1683 1747 1778 1784; x_wconf 90' lang='lat' dir='ltr'>que-</span> 
     </span>
    </p>
   </div>
   <div class='ocr_carea' id='block_1_16' title="bbox 161 1794 1835 2707">
    <p class='ocr_par' dir='ltr' id='par_1_16' title="bbox 161 1794 1835 2707">
     <span class='ocr_line' id='line_1_28' title="bbox 161 1794 1777 1861; baseline 0.001 -20"><span class='ocrx_word' id='word_1_233' title='bbox 161 1794 352 1861; x_wconf 51' lang='grc' dir='ltr'>ξξγῧξζὲζῖνθά</span> <span class='ocrx_word' id='word_1_234' title='bbox 367 1795 404 1828; x_wconf 76' lang='lat' dir='ltr'>by</span> <span class='ocrx_word' id='word_1_235' title='bbox 442 1817 609 1854; x_wconf 88' lang='lat' dir='ltr'>cumque</span> <span class='ocrx_word' id='word_1_236' title='bbox 638 1805 860 1842; x_wconf 90' lang='lat' dir='ltr'>huiusmodi</span> <span class='ocrx_word' id='word_1_237' title='bbox 881 1805 992 1853; x_wconf 84' lang='lat' dir='ltr'>signa</span> <span class='ocrx_word' id='word_1_238' title='bbox 1013 1812 1100 1842; x_wconf 89' lang='lat' dir='ltr'>sunt</span> <span class='ocrx_word' id='word_1_239' title='bbox 1126 1805 1319 1842; x_wconf 90' lang='lat' dir='ltr'>infinitum</span> <span class='ocrx_word' id='word_1_240' title='bbox 1339 1805 1468 1843; x_wconf 90' lang='lat' dir='ltr'>minus</span> <span class='ocrx_word' id='word_1_241' title='bbox 1495 1806 1599 1843; x_wconf 90' lang='lat' dir='ltr'>bona</span> <span class='ocrx_word' id='word_1_242' title='bbox 1619 1806 1751 1843; x_wconf 87' lang='lat' dir='ltr'>virtute</span> <span class='ocrx_word' id='word_1_243' title='bbox 1767 1819 1777 1853; x_wconf 86' lang='lat'><em>3</em></span> 
     </span>
     <span class='ocr_line' id='line_1_29' title="bbox 441 1875 1777 1926; baseline 0.001 -14"><span class='ocrx_word' id='word_1_244' title='bbox 441 1888 521 1913; x_wconf 90' lang='lat' dir='ltr'>non</span> <span class='ocrx_word' id='word_1_245' title='bbox 543 1876 658 1926; x_wconf 85' lang='lat' dir='ltr'>igitur</span> <span class='ocrx_word' id='word_1_246' title='bbox 678 1882 767 1913; x_wconf 90' lang='lat' dir='ltr'>sunt</span> <span class='ocrx_word' id='word_1_247' title='bbox 789 1876 869 1914; x_wconf 87' lang='lat' dir='ltr'>eius</span> <span class='ocrx_word' id='word_1_248' title='bbox 889 1876 1094 1926; x_wconf 90' lang='lat' dir='ltr'>premium.</span> <span class='ocrx_word' id='word_1_249' title='bbox 1130 1875 1236 1922; x_wconf 84' lang='lat' dir='ltr'>Quid</span> <span class='ocrx_word' id='word_1_250' title='bbox 1255 1889 1351 1926; x_wconf 86' lang='lat' dir='ltr'>rogo</span> <span class='ocrx_word' id='word_1_251' title='bbox 1371 1876 1545 1915; x_wconf 83' lang='lat' dir='ltr'>meliorat</span> <span class='ocrx_word' id='word_1_252' title='bbox 1566 1877 1777 1914; x_wconf 87' lang='lat' dir='ltr'>virtuosum</span> 
     </span>
     <span class='ocr_line' id='line_1_30' title="bbox 440 1946 1775 1996; baseline 0.001 -13"><span class='ocrx_word' id='word_1_253' title='bbox 440 1947 548 1996; x_wconf 89' lang='lat' dir='ltr'>quod</span> <span class='ocrx_word' id='word_1_254' title='bbox 568 1947 772 1993; x_wconf 85' lang='lat' dir='ltr'>virtuosus,</span> <span class='ocrx_word' id='word_1_255' title='bbox 794 1947 973 1994; x_wconf 87' lang='lat' dir='ltr'>viciosus‚</span> <span class='ocrx_word' id='word_1_256' title='bbox 997 1947 1119 1984; x_wconf 89' lang='lat' dir='ltr'>bestia</span> <span class='ocrx_word' id='word_1_257' title='bbox 1145 1946 1204 1984; x_wconf 89' lang='lat' dir='ltr'>vel</span> <span class='ocrx_word' id='word_1_258' title='bbox 1232 1958 1372 1996; x_wconf 91' lang='lat' dir='ltr'>corpus</span> <span class='ocrx_word' id='word_1_259' title='bbox 1406 1947 1662 1984; x_wconf 85' lang='lat' dir='ltr'>inanimatum</span> <span class='ocrx_word' id='word_1_260' title='bbox 1682 1947 1775 1985; x_wconf 90' lang='lat' dir='ltr'>facit</span> 
     </span>
     <span class='ocr_line' id='line_1_31' title="bbox 441 2017 1830 2066; baseline 0 -12"><span class='ocrx_word' id='word_1_261' title='bbox 441 2018 512 2054; x_wconf 86' lang='lat' dir='ltr'>sibi</span> <span class='ocrx_word' id='word_1_262' title='bbox 532 2018 695 2055; x_wconf 85' lang='lat' dir='ltr'>irrisorie</span> <span class='ocrx_word' id='word_1_263' title='bbox 720 2018 780 2055; x_wconf 89' lang='lat' dir='ltr'>vel</span> <span class='ocrx_word' id='word_1_264' title='bbox 798 2018 838 2055; x_wconf 88' lang='lat' dir='ltr'>in</span> <span class='ocrx_word' id='word_1_265' title='bbox 858 2018 1118 2055; x_wconf 87' lang='lat' dir='ltr'>testimonium</span> <span class='ocrx_word' id='word_1_266' title='bbox 1145 2017 1218 2054; x_wconf 90' lang='lat' dir='ltr'>tale</span> <span class='ocrx_word' id='word_1_267' title='bbox 1239 2017 1403 2066; x_wconf 83' lang='lat' dir='ltr'>signum.</span> <span class='ocrx_word' id='word_1_268' title='bbox 1460 2017 1623 2055; x_wconf 90' lang='lat' dir='ltr'>Videtur</span> <span class='ocrx_word' id='word_1_269' title='bbox 1648 2024 1775 2056; x_wconf 91' lang='lat' dir='ltr'>autem</span> <span class='ocrx_word' id='word_1_270' title='bbox 1792 2031 1830 2064; x_wconf 82' lang='lat'>25</span> 
     </span>
     <span class='ocr_line' id='line_1_32' title="bbox 441 2088 1778 2139; baseline 0.001 -14"><span class='ocrx_word' id='word_1_271' title='bbox 441 2089 548 2139; x_wconf 92' lang='lat' dir='ltr'>quod</span> <span class='ocrx_word' id='word_1_272' title='bbox 571 2089 660 2127; x_wconf 86' lang='lat' dir='ltr'>talia</span> <span class='ocrx_word' id='word_1_273' title='bbox 686 2089 797 2139; x_wconf 85' lang='lat' dir='ltr'>signa</span> <span class='ocrx_word' id='word_1_274' title='bbox 818 2101 917 2127; x_wconf 87' lang='lat' dir='ltr'>vana</span> <span class='ocrx_word' id='word_1_275' title='bbox 945 2089 1020 2127; x_wconf 92' lang='lat' dir='ltr'>sint</span> <span class='ocrx_word' id='word_1_276' title='bbox 1046 2089 1337 2126; x_wconf 83' lang='lat' dir='ltr'>incitamentum</span> <span class='ocrx_word' id='word_1_277' title='bbox 1364 2088 1487 2126; x_wconf 89' lang='lat' dir='ltr'>inanis</span> <span class='ocrx_word' id='word_1_278' title='bbox 1514 2089 1647 2138; x_wconf 85' lang='lat' dir='ltr'>glorie,</span> <span class='ocrx_word' id='word_1_279' title='bbox 1679 2089 1778 2127; x_wconf 87' lang='lat' dir='ltr'>sicut</span> 
     </span>
     <span class='ocr_line' id='line_1_33' title="bbox 440 2159 1777 2209; baseline 0 -12"><span class='ocrx_word' id='word_1_280' title='bbox 440 2160 565 2197; x_wconf 88' lang='lat' dir='ltr'>evenit</span> <span class='ocrx_word' id='word_1_281' title='bbox 584 2160 714 2197; x_wconf 83' lang='lat' dir='ltr'>Aman</span> <span class='ocrx_word' id='word_1_282' title='bbox 735 2159 878 2197; x_wconf 88' lang='lat' dir='ltr'>Hester</span> <span class='ocrx_word' id='word_1_283' title='bbox 905 2160 975 2205; x_wconf 90' lang='lat' dir='ltr'>iii0,</span> <span class='ocrx_word' id='word_1_284' title='bbox 996 2159 1055 2196; x_wconf 91' lang='lat' dir='ltr'>vel</span> <span class='ocrx_word' id='word_1_285' title='bbox 1082 2159 1189 2196; x_wconf 87' lang='lat' dir='ltr'>aliter</span> <span class='ocrx_word' id='word_1_286' title='bbox 1209 2159 1333 2207; x_wconf 86' lang='lat' dir='ltr'>magis</span> <span class='ocrx_word' id='word_1_287' title='bbox 1358 2166 1609 2209; x_wconf 86' lang='lat' dir='ltr'>procurarent</span> <span class='ocrx_word' id='word_1_288' title='bbox 1635 2159 1777 2198; x_wconf 88' lang='lat' dir='ltr'>habere</span> 
     </span>
     <span class='ocr_line' id='line_1_34' title="bbox 440 2229 1779 2280; baseline 0 -12"><span class='ocrx_word' id='word_1_289' title='bbox 440 2231 605 2280; x_wconf 86' lang='lat' dir='ltr'>amplius</span> <span class='ocrx_word' id='word_1_290' title='bbox 626 2230 786 2268; x_wconf 89' lang='lat' dir='ltr'>honoris</span> <span class='ocrx_word' id='word_1_291' title='bbox 814 2230 1036 2268; x_wconf 90' lang='lat' dir='ltr'>huiusmodi</span> <span class='ocrx_word' id='word_1_292' title='bbox 1057 2236 1093 2267; x_wconf 89' lang='lat' dir='ltr'>et</span> <span class='ocrx_word' id='word_1_293' title='bbox 1113 2236 1195 2267; x_wconf 89' lang='lat' dir='ltr'>toto</span> <span class='ocrx_word' id='word_1_294' title='bbox 1215 2229 1316 2267; x_wconf 85' lang='lat' dir='ltr'>facto</span> <span class='ocrx_word' id='word_1_295' title='bbox 1336 2230 1490 2267; x_wconf 87' lang='lat' dir='ltr'>virtutes</span> <span class='ocrx_word' id='word_1_296' title='bbox 1515 2229 1779 2279; x_wconf 83' lang='lat' dir='ltr'>philosophie5</span> 
     </span>
     <span class='ocr_line' id='line_1_35' title="bbox 440 2300 1779 2349; baseline 0.001 -12"><span class='ocrx_word' id='word_1_297' title='bbox 440 2301 564 2339; x_wconf 84' lang='lat' dir='ltr'>forent</span> <span class='ocrx_word' id='word_1_298' title='bbox 602 2301 872 2339; x_wconf 84' lang='lat' dir='ltr'>insufficienter</span> <span class='ocrx_word' id='word_1_299' title='bbox 909 2307 946 2339; x_wconf 88' lang='lat' dir='ltr'>et</span> <span class='ocrx_word' id='word_1_300' title='bbox 984 2301 1153 2338; x_wconf 89' lang='lat' dir='ltr'>indebite</span> <span class='ocrx_word' id='word_1_301' title='bbox 1190 2300 1386 2349; x_wconf 86' lang='lat' dir='ltr'>premiate.</span> <span class='ocrx_word' id='word_1_302' title='bbox 1444 2300 1546 2346; x_wconf 84' lang='lat' dir='ltr'>Quia</span> <span class='ocrx_word' id='word_1_303' title='bbox 1581 2313 1708 2338; x_wconf 88' lang='lat' dir='ltr'>scurre</span> <span class='ocrx_word' id='word_1_304' title='bbox 1741 2306 1779 2338; x_wconf 88' lang='lat' dir='ltr'>et</span> 
     </span>
     <span class='ocr_line' id='line_1_36' title="bbox 440 2371 1835 2421; baseline -0.001 -12"><span class='ocrx_word' id='word_1_305' title='bbox 440 2372 637 2409; x_wconf 85' lang='lat' dir='ltr'>inferiores</span> <span class='ocrx_word' id='word_1_306' title='bbox 674 2384 755 2410; x_wconf 86' lang='lat' dir='ltr'>non</span> <span class='ocrx_word' id='word_1_307' title='bbox 793 2378 881 2409; x_wconf 90' lang='lat' dir='ltr'>sunt</span> <span class='ocrx_word' id='word_1_308' title='bbox 920 2372 998 2421; x_wconf 91' lang='lat' dir='ltr'>apti</span> <span class='ocrx_word' id='word_1_309' title='bbox 1037 2371 1087 2409; x_wconf 91' lang='lat' dir='ltr'>ad</span> <span class='ocrx_word' id='word_1_310' title='bbox 1130 2371 1400 2420; x_wconf 82' lang='lat' dir='ltr'>premiandum</span> <span class='ocrx_word' id='word_1_311' title='bbox 1438 2371 1477 2408; x_wconf 91' lang='lat' dir='ltr'>in</span> <span class='ocrx_word' id='word_1_312' title='bbox 1521 2383 1681 2420; x_wconf 91' lang='lat' dir='ltr'>corpore</span> <span class='ocrx_word' id='word_1_313' title='bbox 1719 2371 1776 2409; x_wconf 88' lang='lat' dir='ltr'>vel</span> <span class='ocrx_word' id='word_1_314' title='bbox 1792 2386 1835 2418; x_wconf 79' lang='lat'>50</span> 
     </span>
     <span class='ocr_line' id='line_1_37' title="bbox 440 2441 1778 2492; baseline 0.001 -13"><span class='ocrx_word' id='word_1_315' title='bbox 440 2443 569 2480; x_wconf 86' lang='lat' dir='ltr'>anima</span> <span class='ocrx_word' id='word_1_316' title='bbox 602 2455 693 2480; x_wconf 89' lang='lat' dir='ltr'>suos</span> <span class='ocrx_word' id='word_1_317' title='bbox 725 2443 906 2481; x_wconf 86' lang='lat' dir='ltr'>dominos</span> <span class='ocrx_word' id='word_1_318' title='bbox 939 2455 1007 2492; x_wconf 90' lang='lat' dir='ltr'>per</span> <span class='ocrx_word' id='word_1_319' title='bbox 1038 2448 1153 2479; x_wconf 84' lang='lat' dir='ltr'>nutus</span> <span class='ocrx_word' id='word_1_320' title='bbox 1184 2441 1279 2479; x_wconf 87' lang='lat' dir='ltr'>tales</span> <span class='ocrx_word' id='word_1_321' title='bbox 1311 2453 1530 2490; x_wconf 89' lang='lat' dir='ltr'>corporeos,</span> <span class='ocrx_word' id='word_1_322' title='bbox 1552 2442 1649 2479; x_wconf 91' lang='lat' dir='ltr'>sicut</span> <span class='ocrx_word' id='word_1_323' title='bbox 1675 2449 1778 2491; x_wconf 84' lang='lat' dir='ltr'>patet</span> 
     </span>
     <span class='ocr_line' id='line_1_38' title="bbox 443 2511 1778 2562; baseline 0.001 -12"><span class='ocrx_word' id='word_1_324' title='bbox 443 2513 698 2551; x_wconf 89' lang='lat' dir='ltr'>consideranti</span> <span class='ocrx_word' id='word_1_325' title='bbox 719 2513 844 2562; x_wconf 86' lang='lat' dir='ltr'>legem</span> <span class='ocrx_word' id='word_1_326' title='bbox 866 2513 1034 2551; x_wconf 89' lang='lat' dir='ltr'>accionis</span> <span class='ocrx_word' id='word_1_327' title='bbox 1056 2524 1255 2562; x_wconf 89' lang='lat' dir='ltr'>corporee.</span> <span class='ocrx_word' id='word_1_328' title='bbox 1297 2511 1410 2548; x_wconf 86' lang='lat' dir='ltr'>Talia</span> <span class='ocrx_word' id='word_1_329' title='bbox 1430 2511 1542 2560; x_wconf 85' lang='lat' dir='ltr'>igitur</span> <span class='ocrx_word' id='word_1_330' title='bbox 1562 2518 1650 2549; x_wconf 88' lang='lat' dir='ltr'>sunt</span> <span class='ocrx_word' id='word_1_331' title='bbox 1670 2513 1778 2562; x_wconf 84' lang='lat' dir='ltr'>signa</span> 
     </span>
     <span class='ocr_line' id='line_1_39' title="bbox 441 2581 1775 2634; baseline 0.001 -14"><span class='ocrx_word' id='word_1_332' title='bbox 441 2584 599 2622; x_wconf 89' lang='lat' dir='ltr'>honoris</span> <span class='ocrx_word' id='word_1_333' title='bbox 621 2584 710 2622; x_wconf 83' lang='lat' dir='ltr'>facti</span> <span class='ocrx_word' id='word_1_334' title='bbox 731 2591 810 2622; x_wconf 91' lang='lat' dir='ltr'>tam</span> <span class='ocrx_word' id='word_1_335' title='bbox 831 2584 905 2622; x_wconf 91' lang='lat' dir='ltr'>deo</span> <span class='ocrx_word' id='word_1_336' title='bbox 926 2596 1043 2634; x_wconf 91' lang='lat' dir='ltr'>quam</span> <span class='ocrx_word' id='word_1_337' title='bbox 1072 2583 1231 2628; x_wconf 86' lang='lat' dir='ltr'>homini,</span> <span class='ocrx_word' id='word_1_338' title='bbox 1253 2582 1320 2619; x_wconf 89' lang='lat' dir='ltr'>sed</span> <span class='ocrx_word' id='word_1_339' title='bbox 1343 2581 1452 2619; x_wconf 85' lang='lat' dir='ltr'>valde</span> <span class='ocrx_word' id='word_1_340' title='bbox 1472 2594 1542 2631; x_wconf 90' lang='lat' dir='ltr'>per</span> <span class='ocrx_word' id='word_1_341' title='bbox 1569 2583 1775 2630; x_wconf 89' lang='lat' dir='ltr'>accidens;</span> 
     </span>
     <span class='ocr_line' id='line_1_40' title="bbox 441 2652 1775 2707; baseline -0.001 -16"><span class='ocrx_word' id='word_1_342' title='bbox 441 2654 530 2707; x_wconf 86' lang='lat' dir='ltr'>quia</span> <span class='ocrx_word' id='word_1_343' title='bbox 552 2656 581 2692; x_wconf 86' lang='lat' dir='ltr'>si</span> <span class='ocrx_word' id='word_1_344' title='bbox 603 2667 681 2692; x_wconf 89' lang='lat' dir='ltr'>non</span> <span class='ocrx_word' id='word_1_345' title='bbox 713 2655 758 2692; x_wconf 88' lang='lat' dir='ltr'>sit</span> <span class='ocrx_word' id='word_1_346' title='bbox 778 2655 903 2692; x_wconf 91' lang='lat' dir='ltr'>honor</span> <span class='ocrx_word' id='word_1_347' title='bbox 934 2655 1166 2692; x_wconf 80' lang='lat' dir='ltr'>subiectatus</span> <span class='ocrx_word' id='word_1_348' title='bbox 1187 2653 1226 2689; x_wconf 91' lang='lat' dir='ltr'>in</span> <span class='ocrx_word' id='word_1_349' title='bbox 1247 2652 1387 2698; x_wconf 84' lang='lat' dir='ltr'>anima,</span> <span class='ocrx_word' id='word_1_350' title='bbox 1408 2652 1475 2689; x_wconf 89' lang='lat' dir='ltr'>sed</span> <span class='ocrx_word' id='word_1_351' title='bbox 1496 2652 1597 2689; x_wconf 90' lang='lat' dir='ltr'>nude</span> <span class='ocrx_word' id='word_1_352' title='bbox 1626 2653 1775 2702; x_wconf 89' lang='lat' dir='ltr'>sophis-</span> 
     </span>
    </p>
   </div>
   <div class='ocr_carea' id='block_1_17' title="bbox 443 2742 1777 2841">
    <p class='ocr_par' dir='ltr' id='par_1_17' title="bbox 443 2742 1777 2841">
     <span class='ocr_line' id='line_1_41' title="bbox 483 2742 1777 2789; baseline -0.002 -10"><span class='ocrx_word' id='word_1_353' title='bbox 483 2749 493 2766; x_wconf 84' lang='lat'><em>¹</em></span> <span class='ocrx_word' id='word_1_354' title='bbox 517 2748 562 2779; x_wconf 86' lang='lat' dir='ltr'>sic</span> <span class='ocrx_word' id='word_1_355' title='bbox 578 2753 644 2789; x_wconf 77' lang='lat' dir='ltr'>pro</span> <span class='ocrx_word' id='word_1_356' title='bbox 659 2747 752 2785; x_wconf 83' lang='lat' dir='ltr'>sieut,</span> <span class='ocrx_word' id='word_1_357' title='bbox 770 2755 801 2778; x_wconf 85' lang='grc' dir='ltr'>Β.</span> <span class='ocrx_word' id='word_1_358' title='bbox 888 2746 900 2764; x_wconf 86' lang='lat'><strong>²</strong></span> <span class='ocrx_word' id='word_1_359' title='bbox 924 2757 947 2777; x_wconf 88' lang='lat' dir='ltr'>s.</span> <span class='ocrx_word' id='word_1_360' title='bbox 965 2746 1000 2779; x_wconf 89' lang='lat' dir='ltr'>h.</span> <span class='ocrx_word' id='word_1_361' title='bbox 1083 2745 1094 2763; x_wconf 83' lang='lat'><strong>³</strong></span> <span class='ocrx_word' id='word_1_362' title='bbox 1119 2745 1177 2776; x_wconf 86' lang='lat' dir='ltr'>illa</span> <span class='ocrx_word' id='word_1_363' title='bbox 1193 2748 1257 2785; x_wconf 79' lang='lat' dir='ltr'>pro</span> <span class='ocrx_word' id='word_1_364' title='bbox 1273 2742 1383 2784; x_wconf 87' lang='lat' dir='ltr'>igitur,</span> <span class='ocrx_word' id='word_1_365' title='bbox 1402 2751 1436 2775; x_wconf 84' lang='lat' dir='ltr'>A.</span> <span class='ocrx_word' id='word_1_366' title='bbox 1520 2743 1530 2760; x_wconf 69' lang='lat'>⁴</span> <span class='ocrx_word' id='word_1_367' title='bbox 1555 2744 1644 2783; x_wconf 77' lang='lat' dir='ltr'>deus,</span> <span class='ocrx_word' id='word_1_368' title='bbox 1663 2755 1723 2776; x_wconf 80' lang='lat' dir='ltr'>om.</span> <span class='ocrx_word' id='word_1_369' title='bbox 1745 2753 1777 2777; x_wconf 87' lang='grc' dir='ltr'>Λ.</span> 
     </span>
     <span class='ocr_line' id='line_1_42' title="bbox 443 2797 992 2841; baseline -0.002 -11"><span class='ocrx_word' id='word_1_370' title='bbox 443 2800 454 2818; x_wconf 79' lang='lat'>⁵</span> <span class='ocrx_word' id='word_1_371' title='bbox 479 2800 619 2841; x_wconf 81' lang='lat' dir='ltr'>plurime</span> <span class='ocrx_word' id='word_1_372' title='bbox 636 2804 701 2840; x_wconf 70' lang='lat' dir='ltr'>pto</span> <span class='ocrx_word' id='word_1_373' title='bbox 718 2797 940 2839; x_wconf 77' lang='lat' dir='ltr'>philosophie,</span> <span class='ocrx_word' id='word_1_374' title='bbox 959 2806 992 2829; x_wconf 83' lang='lat' dir='ltr'>A.</span> 
     </span>
    </p>
   </div>
  </div>
 </body>
</html>
