2051 3299
692 219 756 251 DE
789 218 983 252 OFFICIO
1015 218 1169 251 REGIS.
1792 217 1872 262 253

274 329 380 360 enter
399 323 615 373 Imperator
635 329 818 373 tanquam
846 324 1057 374 plasmator
1077 330 1179 362 secte
1199 335 1298 362 nove
1326 323 1595 361 constituendo
1608 327 1776 394 ξὲἑῑὲιτᾶνὲὴο
1797 332 1876 354 turns

273 393 444 432 fundavit
474 395 676 432 ecclesiam
707 407 821 444 super
849 396 962 433 bonis
995 395 1156 432 fortune.
1212 394 1306 433 Ideo
1344 400 1470 432 textus
1508 394 1598 431 dicit
1735 381 1742 389 ”

272 465 379 514 quod
399 465 530 503 divisio
551 466 673 514 quarti
693 467 801 516 regni
821 466 914 504 sicut
941 466 1087 503 articuli
1106 465 1215 503 testei
1234 465 1281 503 de
1301 465 1489 515 plantario
1509 465 1598 502 ferri

273 535 471 581 orirentur,
509 548 598 573 cum
635 542 771 574 notum
809 537 856 574 sit
894 536 1141 574 dotacionem
1177 536 1292 573 istam
1329 536 1511 585 originari
1550 536 1598 573 de

241 615 259 647 5
272 605 428 643 brachio
449 606 617 644 seculari.
673 607 724 644 Et
743 607 851 644 sicud
878 607 1017 657 figulus
1040 619 1108 656 per
1136 607 1267 656 ignem
1287 607 1465 652 exsiccat,
1485 607 1597 656 fragi-
1610 612 1672 638 The
1686 611 1782 650 clergy
1793 620 1840 638 are

1610 646 1739 672 deficient
1753 655 1781 671 m

272 677 363 722 litat,
385 683 422 715 et
442 685 597 715 sonorat
616 678 816 715 materiam
836 678 988 724 luteam,
1011 678 1064 716 sic
1089 677 1241 715 dotator
1267 679 1462 727 superbire
1475 677 1487 698 ¹
1508 677 1598 715 facit
1609 680 1811 745 ffiffircffytlfg

273 747 473 785 deficiente
511 748 673 786 humore
707 749 832 799 gracie
871 748 1013 786 clerum
1051 748 1115 798 qui
1152 749 1246 798 per2
1279 755 1368 785 ante
1406 749 1598 799 humiliter
1609 746 1751 806 3133}
1761 746 1861 811 ὃξξξζ

274 819 434 857 cedebat
461 821 576 858 tactui
604 820 889 869 persequentis;
919 826 956 857 et
982 820 1035 857 sic
1059 832 1126 868 per
1157 820 1287 869 ignem
1316 820 1503 869 superbie,
1523 832 1598 869 que
1611 814 1660 840 fise
1673 813 1800 846 ‘'spride·

274 902 424 939 semper
461 891 644 937 ascendit,
675 891 797 928 clerus
833 891 953 928 factus
987 897 1045 928 est
1077 889 1236 940 fragillis
1269 897 1308 928 et
1343 892 1599 929 contencione

222 975 262 996 10
275 973 436 999 sonorus
449 962 473 1009 ⁸,
494 974 574 999 non
602 962 776 999 recolens
806 962 1006 1011 quomodo
1034 962 1180 1011 primus
1209 962 1406 1011 plantator
1435 962 1600 1000 hominis

57 1032 154 1064 Matt.
172 1032 227 1063 xii.
273 1032 407 1069 Iesus4
427 1039 558 1070 noster
577 1033 693 1070 habet
719 1033 982 1070 testimonium
1003 1032 1051 1070 de
1072 1033 1205 1082 spiritu
1235 1039 1368 1071 sancto
1390 1032 1530 1072 Matth.
1552 1046 1597 1070 12

59 1084 110 1118 19'
274 1103 345 1140 sub
364 1102 436 1140 hiis
455 1104 600 1140 verbis:
629 1104 723 1141 Non
742 1105 926 1140 contendet
942 1116 1071 1152 necque
1089 1104 1264 1141 clamabit
1279 1117 1389 1153 neque
1404 1105 1543 1152 aliquis
1562 1104 1602 1140 in

264 1174 393 1222 platea
423 1175 548 1210 audiet
574 1186 692 1211 vocem
722 1175 809 1211 eius.
868 1174 953 1212 Nec
982 1174 1141 1211 dubium
1173 1175 1266 1224 quin
1292 1175 1392 1224 ignis
1425 1174 1601 1223 superbie

274 1251 431 1282 excecat
447 1257 557 1294 reges
578 1251 675 1282 terre
697 1245 745 1282 ad
765 1245 1094 1294 magnificandum
1124 1245 1177 1283 sic
1208 1245 1428 1283 seculariter
1456 1245 1603 1283 clerum

224 1335 262 1367 15
277 1326 399 1352 suum.
457 1315 534 1353 Sed
563 1328 644 1353 non
677 1316 739 1353 wlt
768 1328 864 1362 esse,
896 1328 986 1353 cum
1019 1316 1122 1353 racio
1156 1316 1246 1353 cleri
1285 1322 1322 1353 et
1353 1315 1459 1353 racio
1488 1315 1603 1353 civilis

275 1385 435 1423 dominii
454 1386 686 1424 contradicit.
743 1386 838 1424 Ideo
859 1387 950 1424 dicit
968 1393 1094 1424 textus
1110 1387 1297 1436 prophete
1317 1387 1604 1424 comiscebuntur

275 1457 417 1504 quidem
446 1457 606 1494 humano
625 1459 758 1494 semine
769 1471 789 1501 ‚·
818 1458 883 1494 sed
902 1470 973 1494 non
998 1457 1211 1495 coherebunt
1236 1458 1312 1494 sibi
1336 1459 1434 1494 sicut
1443 1458 1603 1507 firrum

277 1528 428 1564 misceri
443 1540 515 1564 non
534 1532 652 1577 potest
677 1533 770 1567 teste.
827 1528 931 1565 Nam
951 1540 1042 1566 caro
1062 1535 1099 1566 et
1119 1529 1274 1578 sanguis
1298 1528 1511 1566 revelarunt
1530 1527 1602 1565 hec

278 1598 358 1635 fieri
387 1605 423 1636 et
449 1611 530 1636 non
559 1611 691 1636 semen
721 1599 913 1649 spirituale
942 1599 1048 1649 quod
1077 1605 1134 1637 est
1154 1600 1312 1636 verbum
1332 1599 1428 1637 Dei:
1459 1604 1496 1636 et
1515 1598 1603 1636 hinc

225 1688 266 1710 20
278 1668 490 1718 procedunt
513 1669 553 1706 in
579 1670 833 1718 generacione
863 1670 954 1707 cleri
982 1670 1154 1708 carnales
1184 1670 1249 1707 filii
1277 1682 1324 1707 ex
1354 1669 1605 1719 sanguinibus

279 1739 492 1777 secundum
511 1740 747 1778 voluntatem
779 1741 904 1779 carnis
934 1747 972 1778 et
990 1741 1067 1787 viri,
1093 1749 1129 1778 et
1150 1753 1229 1778 non
1249 1753 1297 1777 ex
1318 1740 1391 1778 deo
1420 1747 1605 1790 tanquam

278 1809 343 1846 filii
363 1809 443 1847 eius
464 1810 643 1859 adoptivi.
701 1810 914 1857 Quomodo
944 1812 1072 1861 itaque
1102 1812 1214 1849 stabit
1245 1824 1409 1860 regnum
1439 1811 1546 1860 quod
1565 1811 1605 1848 in

60 1889 108 1919 Κ.
277 1880 455 1918 articulos
475 1887 553 1918 tam
573 1881 752 1919 dissonos
773 1889 830 1919 est
849 1881 1037 1919 divisum?
1095 1881 1238 1920 Tercio
1266 1888 1373 1920 notat
1402 1881 1537 1919 doctor
1556 1894 1602 1919 ex
1615 1894 1704 1920 Third
1718 1895 1796 1927 point
1809 1894 1837 1921 in

277 1958 384 1988 textu
417 1951 603 2001 prophete
635 1953 833 2001 quomodo
864 1953 962 2002 lapis
996 1966 1113 2003 quem
1146 1953 1237 1991 vidit
1269 1965 1336 1990 rex
1367 1953 1529 1990 abscisus
1562 1953 1603 1989 de
1615 1929 1883 2005 ssffezffilssffout

66 2043 79 2066 1
99 2035 175 2067 Cor,
191 2046 222 2066 x,
234 2045 265 2076 4,
279 2027 392 2060 monte
410 2024 487 2060 sine
506 2024 684 2069 manibus,
706 2031 747 2061 ut
765 2024 856 2061 dicit
885 2024 1082 2073 apostolus
1102 2024 1141 2061 Ia
1161 2024 1251 2062 Cor.
1272 2030 1328 2070 XO,
1349 2029 1432 2061 erat
1453 2023 1602 2061 Cristus
1614 2011 1857 2078 Ξᾷζξξζῗοζζὲἓζῗ

278 2094 344 2144 qui
359 2101 416 2132 est
431 2094 528 2143 lapis
543 2093 863 2132 fundamentalis⁵
879 2095 1017 2133 domus
1037 2096 1207 2141 ecclesie,
1228 2102 1264 2133 et
1284 2095 1407 2133 factus
1427 2096 1466 2132 in
1487 2078 1871 2145 caputffefflsftissss’etssffthe

63 2173 222 2205 F01.174
232 2174 266 2204 b.
279 2163 433 2214 an*guli
454 2166 648 2203 connectit
668 2172 705 2203 et
725 2167 808 2203 unit
828 2166 926 2203 duos
946 2166 1112 2215 parietes
1138 2179 1185 2203 ex
1206 2166 1385 2215 gentibus
1406 2173 1442 2203 et
1462 2166 1603 2203 Iudeis.
1616 2155 1721 2173 comen

64 2247 80 2277 '1
101 2245 170 2276 Pet.
187 2245 221 2276 ii.
236 2245 266 2277 8.
279 2235 367 2284 Ipse
397 2242 526 2273 autem
558 2236 770 2274 secundum
790 2249 924 2275 vocem
954 2238 1056 2275 beati
1076 2237 1177 2274 Petri
1196 2237 1320 2286 prima
1350 2237 1538 2274 canonica
1560 2244 1604 2274 20
1619 2244 1696 2270 ‘The
1709 2250 1788 2271 stone
1801 2244 1834 2271 of

280 2312 346 2343 ca0
366 2312 423 2343 est
442 2307 538 2355 lapis
557 2307 760 2357 qffensz‘onis
780 2312 814 2344 et
820 2312 932 2357 petra
955 2308 1130 2345 scandali
1145 2308 1216 2344 hiis
1237 2308 1301 2357 qui
1322 2314 1456 2345 contra
1475 2307 1603 2356 legem
1615 2279 1772 2338 {fflsliebiiffi
1784 2284 1849 2338 kitssk

227 2392 269 2423 30
281 2388 390 2414 suam
427 2376 674 2415 recalcitrant.
731 2378 809 2415 Hic
844 2378 941 2428 lapis
974 2378 1089 2416 crevit
1122 2379 1161 2415 in
1193 2384 1367 2415 montem
1401 2389 1602 2427 magnum,
1615 2351 1726 2379 agaffit
1740 2346 1795 2372 HIS
1808 2346 1870 2372 law.

63 2465 107 2497 15·
124 2464 158 2496 fi,
176 2473 204 2496 2,
281 2447 370 2497 quia
389 2446 492 2485 Yesa
523 2454 565 2485 20
586 2448 783 2486 scribitur:
811 2449 912 2486 Erit
927 2449 966 2484 in
993 2450 1205 2486 novissimis
1234 2449 1356 2485 diebus
1375 2453 1606 2497 preparatus

280 2530 382 2556 mons
410 2517 573 2555 Domini
597 2520 636 2556 in
664 2519 818 2556 vertice6
837 2520 1031 2565 manciani,
1053 2524 1088 2556 et
1114 2519 1313 2556 elevabitur
1340 2525 1451 2568 super
1469 2520 1572 2556 colles
1584 2533 1604 2563 ,-

279 2589 445 2639 etfluent
461 2590 514 2625 ad
529 2602 606 2627 eum
628 2602 745 2626 omnes
758 2593 893 2638 gentes.
943 2589 1020 2627 Hic
1042 2589 1138 2639 lapis
1159 2589 1320 2639 percutit
1340 2595 1377 2627 et
1393 2589 1606 2627 conminuit

65 2668 110 2701 Is.
129 2668 163 2700 ii.
182 2677 213 2709 4.
280 2660 352 2698 ista
376 2672 506 2709 regna,
532 2660 622 2710 quia
641 2659 730 2698 Yes.
762 2666 806 2696 20
835 2660 972 2698 dicitur
996 2660 1101 2709 quod
1126 2660 1166 2697 in
1196 2660 1327 2698 diebus
1356 2660 1436 2698 eius
1465 2659 1607 2699 debent

326 2762 338 2781 ²
362 2764 524 2805 superbie,
541 2772 574 2795 Α.
678 2762 690 2780 ²
713 2774 780 2805 per,
798 2774 858 2795 om.
878 2771 908 2795 Β.
1012 2763 1025 2780 ³
1048 2773 1233 2800 sonorosus,
1251 2772 1285 2794 Α.
1396 2763 1408 2780 ‘²
1431 2763 1525 2794 etsie
1542 2767 1606 2804 pro

284 2815 385 2857 Iesus,
402 2823 436 2849 A.
524 2817 536 2835 ⁵
560 2815 746 2856 fundabilis,
766 2823 795 2849 Β.
885 2817 897 2835 ⁶
920 2815 1083 2853 verticem,
1100 2823 1134 2849 A.
