2051 3299
152 197 206 238 26
848 201 912 232 DE
946 201 1140 233 orricio
1175 200 1328 232 REGIS.

429 306 555 355 ipsum
580 305 829 354 presupponit
856 311 1044 350 naturam,
1068 310 1104 341 et
1128 304 1181 341 sic
1206 304 1252 341 de
1280 304 1491 341 honoribus
1518 304 1583 354 qui
1607 305 1655 341 ab
1676 305 1755 341 istis

150 376 646 443 {Fs‘ssisvssssssffeisstmtsaeionibus
681 375 892 424 capiuntur.
951 373 1076 411 Nam1
1111 386 1190 412 non
1221 374 1524 423 ymaginandum
1559 381 1616 412 est
1650 374 1756 424 quod

149 449 364 509 ἓὲἑῑὲτίῗίοξυὲςζ
428 447 544 483 virtus
569 446 635 483 sit²
655 452 789 482 natura
809 457 883 494 que
904 445 1047 493 potest³
1068 457 1137 493 per
1158 456 1197 481 se
1218 445 1400 481 existere:
1423 445 1491 482 sed
1512 451 1567 482 est
1580 452 1755 482 naturam

149 518 269 546 name)
428 529 512 554 esse
539 517 757 561 virtuosam,
779 522 819 552 ut
843 516 918 552 dixi
949 515 1052 551 alias.
1111 514 1160 551 Et
1186 521 1289 563 patet
1317 514 1402 560 hoc,
1428 516 1532 563 quod
1562 515 1666 561 deus,
1691 515 1757 564 qui

150 593 398 652 {sstffgdforreffsserfis
429 599 508 624 non
533 593 659 635 potest
685 598 820 631 errare,
845 586 883 621 in
909 586 1059 634 premio
1086 585 1151 621 dat
1178 585 1427 633 cuicumque4
1454 585 1581 623 decori
1608 585 1754 630 morali,
1771 595 1788 627 5

149 660 314 725 ἓὲἓῗέιὴίῇιέ
315 666 377 725 {1¹3}
428 658 564 694 virtute
585 657 708 693 finalis
732 656 1016 705 perseverancie
1038 655 1255 700 informato,
1278 655 1614 693 honorificenciam
1636 655 1755 705 patrie
1769 667 1789 697 7
1806 665 1842 695 b.

150 735 182 753 or
194 733 300 753 nature.
427 728 629 772 infinitam,
651 733 687 764 et
715 727 796 763 aliis
821 727 1019 763 virtutibus
1051 725 1113 762 dat
1136 725 1355 762 mercedem
1376 726 1632 774 mitigacionis
1657 737 1756 774 pene

430 805 620 847 perpetue,
640 797 707 834 sed
727 809 806 834 non
828 802 977 833 tantum
990 808 1059 844 per
1073 808 1111 832 se
1128 796 1288 844 premiat
1309 796 1475 832 officium
1495 796 1554 833 vel
1569 802 1756 833 naturam.

151 861 179 886 It
191 860 298 886 follows
312 860 371 885 also

150 895 212 920 that
226 893 320 920 Christ
333 902 364 918 as

151 928 199 953 the
212 936 309 953 source
323 927 355 952 of

149 960 241 986 virtue
254 960 276 986 is
290 960 349 986 infi-

149 994 238 1026 nitely
250 1003 325 1019 more
337 992 389 1019 vir·
861 1007 867 1014 .
1299 1007 1305 1013 .
1372 1007 1377 1013 .
1493 1007 1499 1014 .
1584 1007 1590 1014 .

149 1033 241 1059 mous,
255 1027 311 1052 and
325 1027 415 1052 there-
428 1009 535 1046 Patet
563 1021 611 1046 ex
639 1007 714 1045 hoc
731 1007 837 1057 quod
859 1019 939 1056 lpse
962 1019 1029 1056 per
1050 1019 1089 1044 se
1111 1019 1178 1044 cau
1185 1018 1226 1043 sa
1247 1006 1447 1044 cuiuslibet
1467 1013 1612 1044 vrrtutls
1633 1013 1756 1044 create

149 1061 208 1086 fore
222 1060 361 1092 infinitely
427 1080 433 1088 .
525 1079 530 1085 .
676 1079 682 1085 .
797 1078 802 1085 .
1062 1077 1068 1084 .
1131 1077 1135 1081 -
1682 1077 1688 1084 .

150 1099 269 1120 moreto
281 1094 316 1119 be
329 1094 397 1119 hon·
425 1079 617 1116 1nfin1tum
650 1085 851 1115 virtuosior
878 1090 995 1126 quam
1023 1077 1159 1126 ahqms
1185 1076 1299 1114 frater
1328 1089 1429 1114 suus.
1464 1075 1482 1096 ’¹‘
1514 1077 1629 1115 Unde
1661 1085 1757 1114 sicut
1770 1080 1925 1110 F01.112
1942 1088 1973 1110 a.

150 1128 246 1158 «sured,
261 1127 328 1152 than
341 1136 398 1159 any
607 1148 613 1156 .
697 1148 702 1154 .
879 1148 884 1154 .
1565 1147 1572 1154 .

151 1161 183 1188 of
194 1149 551 1187 Hiscreatures.hon0r
581 1154 725 1185 V1rtut1s
756 1147 901 1185 extolht
933 1148 1123 1185 honorem
1149 1154 1283 1184 nature
1318 1148 1516 1193 substrate,
1544 1160 1597 1185 sic
1631 1147 1757 1185 honor

431 868 609 906 Secundo
644 867 814 916 sequitur
849 866 955 916 quod
980 866 1126 903 Cristus
1166 866 1212 903 sit
1246 865 1496 903 honorandus
1534 865 1757 903 humanitus

428 937 743 988 quoddammodo
767 937 956 973 infinitum
980 936 1065 985 plus
1092 948 1209 986 quam
1237 936 1393 984 aliquod
1420 937 1639 973 membrum
1663 936 1755 974 eius.
1772 946 1812 970 10

429 1220 579 1258 debitus
613 1219 727 1268 capiti
763 1218 911 1256 excellit
946 1219 1135 1256 honorem
1169 1219 1443 1263 membrorum,
1476 1218 1567 1268 quia
1600 1218 1755 1256 racione

429 1291 583 1328 unionis
603 1290 778 1327 beatifice
809 1289 980 1327 excellit⁵
1000 1289 1217 1326 differenter
1243 1290 1292 1326 ab
1313 1289 1394 1326 aliis
1425 1289 1613 1338 capitibus
1634 1295 1756 1326 totum
1775 1306 1811 1337 15

428 1361 623 1398 residuum
657 1360 830 1409 corporis
864 1360 1020 1397 infinite.
1077 1359 1172 1397 Ideo
1208 1360 1298 1397 dicit
1324 1360 1458 1396 beatus
1490 1359 1684 1397 Iohannes
1714 1355 1964 1399 10J0hssi-16·

429 1431 596 1480 capitulo
631 1430 735 1479 quod
769 1432 809 1467 de
841 1432 916 1467 eius
944 1430 1166 1478 plenitudine
1198 1443 1262 1466 nos
1291 1443 1409 1466 omnes
1434 1431 1654 1478 accepimus:
1675 1441 1756 1466 non

429 1501 676 1551 intelligendo
711 1500 818 1551 quod
849 1501 894 1538 sit
927 1501 1119 1537 infinitum
1150 1500 1294 1547 melior⁷
1319 1500 1376 1537 vel
1408 1500 1681 1546 honorabilior,
1707 1512 1755 1538 ex

431 1573 536 1610 nudo
570 1572 680 1609 titulo
715 1572 961 1608 humanitatis
995 1583 1114 1621 quam
1155 1571 1292 1620 aliquis
1323 1570 1435 1608 frater
1470 1582 1573 1618 suus,
1607 1571 1676 1608 sed
1709 1583 1756 1608 ex

429 1643 537 1681 titulo
576 1642 855 1680 inexeffabilis6
893 1642 1020 1690 gracie
1058 1642 1225 1678 unionis.
1282 1641 1378 1679 Ideo
1416 1641 1508 1679 dicit
1545 1641 1755 1691 Apostolus
1772 1656 1812 1678 20

431 1714 552 1752 Hebr.
583 1715 613 1751 i⁰
634 1713 740 1764 quod
759 1717 812 1750 est
827 1717 927 1750 tanto
947 1713 1075 1750 melior
1095 1713 1236 1762 angelis
1261 1714 1403 1763 effectus
1423 1717 1558 1761 quanto
1584 1714 1754 1763 dzfferen-
1770 1717 1857 1750 Heb.
1875 1718 1895 1750 i.
1914 1728 1944 1759 4.

428 1786 527 1823 cius⁷
543 1793 615 1835 pre
644 1786 722 1822 illis
749 1797 875 1821 nomen
903 1784 1128 1821 hereditavit.
1185 1782 1255 1821 Est
1281 1783 1384 1820 enim
1406 1783 1552 1821 Cristus
1580 1796 1675 1832 pure
1695 1783 1756 1821 dei

429 1856 547 1894 filius8
593 1856 774 1894 naturalis
821 1861 980 1905 propter
1017 1854 1204 1891 unionem
1240 1854 1523 1902 yppostaticam
1569 1854 1756 1903 assumpti

153 1936 373 1971 [Digressionto
429 1921 607 1960 hominis.
663 1921 714 1958 Et
740 1920 814 1958 hoc
841 1920 964 1957 innuit
987 1919 1188 1969 apostolus
1215 1931 1305 1957 cum
1333 1919 1527 1969 adiungit:
1561 1918 1641 1957 Cui
1662 1921 1756 1956 enim

151 1973 229 1997 show
242 1972 303 1997 that
323 1969 417 1997 Christ
700 1993 706 1999 .
751 1993 756 1999 .
1070 1992 1075 1998 .
1541 1991 1546 1997 .
1693 1992 1700 1998 .

153 2005 175 2031 is
188 2006 235 2030 the
249 2005 369 2035 natural,
429 1994 642 2041 angelorum
663 1993 769 2028 dixit
792 2003 967 2039 umquam
992 1990 1115 2040 ffilzus
1134 2003 1230 2027 meus
1249 2003 1283 2026 es
1302 1994 1352 2036 tu,
1375 2002 1436 2038 ego
1456 1990 1558 2027 hodze
1582 2003 1693 2038 genui
1714 1994 1754 2036 te,
1771 2008 1809 2040 25

151 2038 380 2103 ffiteflggnagffiie
429 2064 495 2100 ubi
530 2069 633 2113 patet
666 2062 771 2112 quod
805 2062 970 2111 loquitur
1010 2061 1057 2099 de
1089 2061 1217 2098 Cristo
1251 2062 1323 2098 sub
1356 2060 1512 2099 racione
1547 2073 1623 2110 qua
1657 2060 1755 2099 filius

155 2106 277 2136 Famem
430 2134 622 2172 naturalis.
678 2133 729 2170 Et
758 2133 848 2170 hinc
877 2132 966 2169 dicit
993 2132 1122 2181 glossa
1151 2144 1264 2181 super
1296 2131 1327 2167 i0
1350 2131 1464 2168 Rom.
1490 2137 1542 2168 10.
1576 2129 1654 2176 Qui
1666 2138 1754 2180 pre·
1769 2134 1865 2165 Rom.
1883 2133 1902 2164 i.
1920 2143 1950 2175 4.

430 2206 629 2242 destinatus
659 2208 713 2241 est
740 2204 800 2239 dei
816 2203 929 2252 filius
962 2203 1033 2240 sub
1067 2202 1289 2240 auctoritate
1323 2201 1542 2250 Ieronymi:
1595 2201 1701 2239 Volvi
1725 2206 1759 2238 et

430 2277 573 2313 revolvi
587 2276 799 2324 scribturas
818 2277 852 2310 et
869 2286 1067 2322 numquam
1078 2274 1207 2322 filium
1228 2273 1433 2320 adoptivum
1455 2273 1586 2310 inveni.
1649 2271 1755 2309 Nam

430 2346 536 2383 racio
563 2345 626 2382 filii
656 2344 822 2393 adoptivi
849 2349 921 2381 stat
946 2343 1162 2391 ingraciosa
1185 2343 1415 2391 accepcione
1442 2342 1666 2380 accidentali
1690 2342 1754 2378 filii
1769 2358 1811 2390 30

431 2428 511 2454 non
558 2415 737 2452 habentis
791 2420 967 2463 respectu
985 2413 997 2433 ⁹
1037 2413 1135 2451 illius
1183 2413 1402 2462 adoptantis
1450 2413 1644 2450 racionem
1691 2412 1755 2449 filii

432 2486 623 2531 naturalis,
658 2484 764 2534 quod
798 2496 879 2521 non
913 2490 1038 2533 potest
1072 2482 1198 2521 Cristo
1233 2489 1463 2533 competere.
1522 2483 1627 2520 Sicut
1661 2495 1753 2532 ergo

432 2556 711 2606 predestinatus
731 2561 787 2592 est
812 2555 864 2591 sic
894 2560 950 2591 est
976 2555 1104 2591 minus
1131 2554 1256 2592 bonus
1284 2566 1400 2603 quam
1430 2566 1498 2591 sua
1526 2553 1698 2599 ecclesia,
1719 2559 1756 2590 et

476 2669 485 2687 ¹
510 2669 587 2701 Non
614 2669 700 2700 enim
718 2673 782 2710 pro
810 2669 897 2699 Nam
923 2678 997 2706 non,
1024 2675 1056 2698 Β.
1155 2666 1167 2683 ²
1190 2671 1245 2705 est,
1273 2675 1303 2698 Β.
1403 2666 1414 2683 3
1438 2677 1495 2707 per
1521 2677 1554 2697 se
1582 2670 1698 2707 potest,
1724 2675 1754 2699 Β.

432 2721 442 2738 ⁴
467 2721 591 2762 cuique,
611 2729 644 2752 Α.
729 2721 739 2737 ⁵
764 2720 901 2755 excedit,
919 2727 950 2750 Β.
1031 2718 1042 2734 ⁶
1066 2719 1249 2758 ineffabilis,
1269 2726 1300 2750 Β.
1378 2716 1390 2734 ⁷
1414 2717 1625 2757 differencius,
1642 2728 1702 2749 om.
1721 2726 1754 2749 Λ,

431 2774 442 2790 ⁸
467 2772 553 2803 filius
570 2772 631 2810 dei,
652 2780 681 2802 B.
771 2772 783 2789 ⁹
806 2776 996 2812 respectum,
1014 2779 1046 2802 Λ.
