2051 3299
698 235 763 266 DE
794 234 987 268 OFFICIO
1020 235 1174 268 REGIS.
1813 238 1889 268 221

281 339 460 377 secularis
480 339 630 389 collegii
650 340 689 377 in
709 353 787 390 quo
814 340 907 378 socii
936 346 1100 389 possunt
1128 340 1266 389 expelli
1296 347 1334 378 et
1362 341 1479 391 gratis
1508 342 1610 379 exire
1624 359 1676 377 can
1689 350 1725 376 be
1737 351 1866 409 expelle?

283 422 371 448 cum
392 410 477 459 plus
497 410 755 448 affectaverint
769 411 779 430 ¹
800 410 915 447 aliam
935 410 1157 447 comitivam
1170 409 1183 429 ²
1204 410 1285 448 sine
1305 385 1892 450 1116316613610116ῗῆεσίῗὲνινῗέἶεῖτά.

280 481 340 518 vel
365 481 438 518 alia
466 493 566 530 pena
594 481 740 518 mortis.
797 480 882 518 Nisi
909 493 1002 530 ergo
1031 481 1206 530 capitalia
1229 482 1354 531 puniri
1380 483 1613 532 potuerunt³

282 564 352 601 pro
373 552 451 589 suis
470 552 643 601 partibus
671 551 795 589 forent
824 551 983 589 sathane
1013 552 1292 599 conventicula,
1315 565 1405 590 cum
1435 554 1613 602 gravibus

249 639 268 670 5
281 623 409 673 gravia
429 629 465 660 et
486 635 574 660 curn
595 623 737 660 levibus
753 623 847 660 levia
867 623 953 672 plus
975 635 1091 673 quam
1113 624 1380 661 conventicula
1401 624 1612 662 demonum

282 694 527 743 privilegiata.
584 693 730 731 Verum
751 700 880 731 tamen
900 694 940 730 in
961 694 1167 743 punicione
1188 694 1253 732 tali
1273 695 1473 744 inprovida
1493 696 1612 734 homo

282 771 413 814 posset
432 764 590 802 faciliter
610 765 772 802 deficere
794 777 816 801 a
835 764 965 803 medio
986 765 1185 803 virtuosos.

337 835 540 882 Quantum
572 836 620 873 ad
653 843 707 884 3¹1¹
728 842 932 885 peccatum
956 842 1059 885 patet
1090 836 1179 873 alibi
1212 838 1411 887 quomodo
1442 839 1611 887 oportuit

280 906 408 956 legem
455 919 595 945 novam
637 907 765 945 induci
804 907 852 944 ad
891 919 1034 945 novum
1068 907 1157 944 cleri
1195 908 1422 945 dominium.
1497 909 1613 947 Unde
1625 918 1687 944 The
1702 918 1808 951 Bishop
1826 919 1859 945 of

1627 952 1717 978 Rome
1730 952 1782 978 has

228 999 268 1021 10
280 977 436 1027 quando
466 978 669 1027 episcopus
691 977 893 1015 Romanus
913 978 1089 1016 vendicat
1110 991 1150 1016 se
1171 991 1256 1016 esse
1277 992 1409 1028 regem
1439 980 1612 1018 condidit
1625 985 1753 1046 {2311chss
1755 987 1817 1045 {702
1814 985 1883 1045 ξπ

280 1048 351 1085 sibi
371 1048 518 1097 legem;
549 1048 684 1086 Petrus
714 1055 842 1086 autem
872 1055 908 1086 et
938 1048 998 1086 alii
1023 1050 1144 1087 sancti
1170 1048 1283 1087 Cristi
1304 1050 1432 1087 vicarii
1461 1050 1614 1088 fuerunt

280 1119 448 1157 contenti
481 1120 528 1156 de
559 1119 644 1168 lege
665 1119 790 1167 Cristi,
814 1120 881 1157 sed
914 1126 951 1157 et
979 1120 1054 1169 legi
1084 1120 1288 1159 hominum
1318 1128 1407 1158 sunt
1437 1122 1614 1168 subiecti,

63 1200 228 1232 Actsxxv.
280 1191 375 1229 sicut
404 1197 509 1240 patet
539 1191 585 1227 de
622 1190 742 1229 Paulo
779 1189 797 1209 ’¹‘
836 1191 921 1229 Act.
956 1201 1016 1238 25,
1055 1191 1121 1240 qui
1155 1204 1178 1229 a
1212 1198 1336 1230 morte
1371 1193 1615 1231 sacerdotum

63 1273 144 1302 Fol.
154 1274 222 1303 165
234 1274 268 1303 b.
280 1268 485 1311 propterea
504 1269 561 1298 est
581 1261 757 1299 salvatus.
815 1262 1042 1299 Introducta
1063 1268 1193 1299 autem
1213 1263 1299 1312 lege
1319 1264 1435 1301 tercia
1455 1277 1615 1302 necesse

62 1546 111 1576 46
128 1554 158 1575 a.

229 1346 266 1378 15
280 1339 337 1370 est
357 1332 496 1370 scisma
515 1340 551 1370 et
571 1333 899 1382 prevaricaciones
928 1332 1136 1371 blasfemas
1165 1334 1374 1372 succedere
1395 1335 1434 1372 in
1454 1335 1615 1373 ecclesia

280 1415 380 1449 cum,
401 1403 647 1453 magnificata
666 1402 750 1452 lege
770 1403 899 1453 papali
920 1403 979 1440 vel
998 1405 1115 1441 verbo
1136 1404 1195 1441 vel
1215 1417 1333 1454 opere
1355 1418 1469 1455 supra
1488 1406 1616 1456 legem

282 1474 408 1520 Cristi,
440 1481 592 1523 oportet
624 1474 968 1523 correspondentes
999 1487 1157 1512 censere
1189 1476 1272 1514 eius
1302 1476 1501 1526 legiferum
1530 1490 1614 1515 esse

279 1557 478 1594 magnum.
524 1544 575 1581 Et
594 1545 684 1583 ideo
705 1545 837 1582 dicunt
856 1544 872 1563 '¹‘
892 1545 1114 1583 seductores
1138 1546 1252 1584 huius
1273 1547 1365 1597 legis
1386 1548 1492 1597 quod
1512 1561 1613 1598 papa

280 1615 327 1652 sit
358 1615 453 1652 deus
483 1616 637 1661 mixtus,
661 1616 768 1665 quod
801 1616 832 1653 si
852 1622 910 1653 est
930 1616 1025 1654 deus
1056 1617 1118 1654 ille
1151 1618 1308 1655 racione
1339 1619 1613 1657 conmixtionis

228 1700 268 1721 20
280 1685 470 1723 extollitur
505 1698 619 1735 super
657 1686 871 1736 simplicem
910 1686 1026 1724 deum
1065 1695 1250 1726 nostrum.
1308 1689 1459 1727 Veritas
1486 1690 1613 1740 itaque
1627 1699 1690 1759 Thhe
1702 1699 1827 1760 Τφιὴῃῑς

280 1764 338 1795 est
377 1757 482 1807 quod
521 1757 610 1795 licet
648 1758 838 1807 episcopis
877 1758 1016 1795 nostris
1053 1764 1218 1797 statuere
1257 1760 1527 1799 ordinaciones
1566 1762 1613 1799 de
1629 1739 1894 1833 ἒξῖἑὲτὲξζέἓᾷι-

281 1835 426 1878 quanto
456 1828 664 1866 fundantur
683 1835 720 1866 et
739 1835 955 1866 consonant
983 1829 1059 1878 legi
1081 1829 1206 1867 Cristi.
1265 1830 1383 1869 Unde
1414 1832 1615 1881 religiosus
1628 1835 1838 1902 ffiffssnaassffissjo

281 1899 374 1936 ritus
390 1898 485 1937 foret
499 1911 635 1937 vocare
655 1899 717 1937 illa
737 1905 878 1937 statuta
898 1899 1112 1948 hominurn,
1134 1907 1322 1949 tanquam
1343 1903 1613 1942 conclusiones
1627 1902 1853 1962 ssagvaegfvgssiffe

281 1970 468 2020 practicas
502 1983 550 2007 ex
583 1970 667 2020 lege
703 1970 814 2008 Cristi
846 1971 1003 2016 elicitas,
1036 1978 1073 2008 et
1103 1971 1161 2009 vel
1194 1984 1274 2010 non
1303 1985 1386 2011 esse
1421 1974 1527 2023 leges
1557 1976 1614 2013 vel
1627 1969 1894 2030 ssssiffclgigstfflijs’le

228 2041 384 2091 25leges
419 2041 533 2079 Cristi
568 2048 604 2078 et
639 2053 706 2079 sue
731 2041 904 2080 ecclesie.
960 2041 1011 2079 Et
1041 2043 1397 2093 quomodocunque
1430 2052 1614 2083 vocentur
1626 2036 1782 2070 amhmity·

281 2126 361 2152 non
391 2114 478 2164 plus
507 2115 744 2152 credendum
772 2122 830 2152 est
851 2116 977 2153 verbis
1006 2116 1176 2165 epistolis
1196 2117 1254 2154 vel
1284 2117 1434 2166 legibus
1463 2120 1614 2156 romani

280 2185 481 2234 pontificis,
526 2186 599 2223 nisi
648 2185 696 2224 de
743 2193 889 2236 quanto
936 2186 1076 2224 fuerint
1123 2186 1282 2225 fundata
1328 2188 1368 2226 in
1417 2190 1612 2239 scriptura.

282 2255 391 2293 Patet
422 2257 548 2305 primo
585 2269 632 2293 ex
666 2256 742 2294 hoc
772 2256 877 2306 quod
907 2257 1034 2295 omnis
1065 2258 1203 2296 veritas
1242 2265 1299 2296 est
1337 2260 1376 2297 in
1415 2261 1611 2310 scriptura,
1628 2271 1684 2309 ‚For
1696 2271 1740 2330 (3)I
1746 2271 1894 2331 Alngruph

282 2327 371 2364 ideo
402 2327 433 2364 si
466 2327 511 2364 sit
545 2327 683 2365 veritas
717 2327 774 2365 vel
812 2328 916 2365 racio
955 2329 995 2365 in
1026 2328 1107 2367 istis
1137 2329 1285 2378 legibus
1321 2337 1473 2380 oportet
1507 2333 1614 2382 quod
1626 2313 1697 2363 ἷῗιτιέ
1701 2345 1707 2369 ;
1728 2314 1894 2365 ‘figefgssp-

1627 2371 1769 2397 whatever
1782 2373 1859 2398 truth
1873 2373 1895 2399 is

229 2405 270 2436 30
283 2397 577 2435 fundamentum
625 2397 763 2436 habeat
801 2399 840 2435 in
883 2399 1079 2448 scriptura.
1136 2400 1187 2438 Et
1226 2400 1296 2439 hec
1345 2402 1448 2440 racio
1495 2415 1613 2453 quare
1626 2405 1835 2465 ῑωῃυῑδῑίῗὲἐὲνξῗς

284 2468 444 2517 epistule
478 2468 685 2506 decretales
723 2469 870 2506 tociens
909 2469 1080 2507 alludunt
1121 2471 1294 2519 partibus
1329 2473 1778 2532 scrIpturarum,thffg‘¹d¹¹¹
1793 2473 1883 2506 Scrip-

284 2546 320 2576 et
354 2551 471 2588 quare
510 2539 599 2576 dicti
637 2540 820 2588 prepositi
859 2546 1007 2577 tantum
1046 2541 1205 2579 dilatant
1247 2542 1467 2581 facultatem
1504 2544 1613 2583 theo-

284 2609 460 2658 logicam,
483 2622 572 2647 cum
592 2622 663 2647 nec
684 2609 784 2648 facta
811 2622 882 2648 nec
902 2611 1004 2648 dicta
1031 2624 1102 2649 nec
1133 2612 1272 2661 scripta
1302 2625 1437 2650 eorum
1465 2615 1613 2654 admitti

286 2681 452 2718 debeant
483 2681 554 2718 nisi
587 2681 634 2719 de
665 2688 810 2731 quanto
842 2681 1028 2720 docentur
1057 2695 1127 2732 per
1157 2683 1363 2734 theologos
1393 2685 1545 2724 fundari
1573 2687 1613 2724 in

232 2756 272 2789 35
286 2751 434 2801 legibus
448 2751 537 2789 Iesu
553 2751 664 2789 Cristi
680 2752 826 2790 domini
847 2753 980 2790 nostri.
1033 2753 1214 2792 Secundo
1236 2756 1422 2805 probatur
1441 2757 1613 2806 predicta

373 2833 385 2851 ¹
408 2833 616 2873 affectaverit,
634 2833 732 2866 MSS.
866 2834 878 2852 ²
900 2835 1080 2875 comitiam,
1099 2844 1133 2868 A.
1271 2836 1282 2854 3
1306 2842 1466 2878 poterunt,
1485 2846 1514 2869 B.
