2051 3299
665 209 729 240 DE
761 208 953 241 OFFICIO
985 206 1141 239 REGIS.
1777 198 1857 243 275

32 324 131 356 Matt.
147 322 202 355 vii.
250 313 354 363 quod
381 313 489 350 multi
515 313 554 350 in
585 313 673 351 ficta
696 325 792 362 pace
825 311 1076 350 amaritudine
1106 308 1349 348 amarissima
1378 312 1579 345 transeunt

37 377 86 408 ¹3·
250 396 318 433 per
337 395 434 421 eam.
493 383 595 421 Cum
623 383 728 420 enirn
758 394 829 420 nos
859 381 1080 420 sacerdotes
1109 392 1242 419 sumus
1270 383 1576 429 representantes
1591 385 1861 452 ἕζὲηξτῐξῗὲῖζζξὲῃι

252 460 395 493 statum
429 454 706 504 apostolorum,
741 453 836 491 sicut
869 452 1164 502 magnificamus
1202 462 1275 489 nos
1314 450 1353 487 in
1391 449 1463 487 hiis
1502 460 1576 497 que
1593 455 1640 480 the
1653 454 1785 486 Apostles

1594 494 1667 513 must
1677 487 1770 512 follow
1784 485 1862 511 them

254 529 494 562 concernunt
531 524 758 573 dignitatem
791 522 849 560 vel
887 522 1036 560 lucrum
1074 534 1189 571 supra
1226 520 1423 571 apostolos
1456 519 1579 557 eciam
1593 530 1626 580 {¹1³2
1629 520 1707 580 ἓξὲξ
1711 519 1769 586 gtf'ss
1783 519 1839 545 and

223 602 241 635 5
255 607 371 644 supra
390 594 570 641 Cristum,
587 606 706 644 quare
726 605 806 631 non
825 605 873 631 ex
893 592 1033 631 eodem
1054 598 1153 630 statu
1173 592 1488 630 convinceremus
1508 600 1581 626 nos

254 665 398 703 debere
430 665 582 702 militari
621 663 864 714 spiritualiter
901 663 1010 702 sicud
1047 663 1241 712 apostoli?
1297 661 1418 699 Aliter
1450 658 1584 698 enim¹

254 735 348 773 false
381 741 417 773 et
450 734 577 773 solum
610 734 828 784 parcialiter
864 735 1033 784 gerimus
1067 733 1172 771 illum
1206 738 1359 770 statum.
1419 731 1585 780 Oportet

256 805 359 844 enim
380 805 410 843 si
430 805 599 854 gerimus
618 804 733 854 plena
752 816 858 842 arma
877 804 1089 854 apostolica
1119 803 1225 853 quod
1243 802 1357 853 plene
1377 812 1585 852 sequamur

259 888 327 914 eos
347 876 386 913 in
405 875 578 913 moribus
598 880 635 913 et
655 875 869 924 specialiter
888 875 927 912 in
947 874 1212 924 apostolorum
1228 871 1587 922 ewangelisacione‚

209 946 299 984 10in
336 946 459 983 crucis
490 944 606 983 Cristi
643 957 734 982 cum
781 945 1000 983 martiribus
1033 944 1184 983 lacione
1219 950 1257 982 et
1290 943 1329 981 in
1363 942 1467 980 fideli
1499 953 1589 979 curn

262 1016 483 1055 doctoribus
531 1014 784 1053 confessione.
857 1014 933 1053 Sed
981 1015 1248 1065 apostolorum
1292 1012 1588 1062 ewangelizacio
1604 1020 1714 1045 Butwe
1726 1018 1799 1044 have

1601 1053 1730 1079 reversed
1743 1052 1780 1077 all
1794 1050 1866 1083 holy

261 1099 372 1125 versa
411 1092 469 1124 est
506 1085 546 1122 in
577 1085 864 1123 Pseudochristi
898 1084 1180 1124 tradicionum2
1208 1083 1826 1146 Ps0mulg³010nem2ssg‘fifflgzfffid

263 1157 462 1195 martirum
482 1156 646 1194 certacio
666 1168 774 1194 versa
794 1162 851 1194 est
869 1157 909 1193 in
929 1156 1014 1206 plus
1045 1156 1185 1194 dotatis
1214 1162 1252 1193 et
1279 1153 1540 1193 honorificatis
1570 1165 1592 1189 a
1605 1154 1695 1214 geflffig
1708 1153 1843 1212 {ilgfffmss

267 1227 398 1266 seculo
419 1227 457 1264 in
472 1226 656 1265 maiorem
678 1227 801 1265 crucis
817 1227 930 1265 Cristi
947 1227 1253 1276 elongacionem,
1270 1233 1307 1264 et
1322 1226 1594 1275 episcoporum

214 1306 252 1339 15
267 1297 457 1336 confessio
473 1308 580 1334 versa
596 1304 652 1335 est
666 1297 705 1334 in
721 1297 856 1335 mundi
872 1304 908 1335 et
924 1310 1082 1336 suorum
1097 1298 1240 1335 rituum
1250 1295 1593 1335 contestacionem.

266 1368 318 1406 Et
347 1368 400 1406 sic
430 1374 656 1417 agregatum
686 1380 733 1406 ex
763 1368 924 1406 scintilla
952 1368 1064 1407 huius
1094 1375 1214 1406 status
1242 1367 1400 1418 triplicis
1430 1372 1468 1403 et
1500 1378 1594 1404 con-

271 1438 470 1479 suetudine
503 1438 664 1476 seculari
695 1451 813 1489 quam
851 1439 1029 1477 addimus
1068 1446 1125 1477 est
1163 1446 1285 1477 status
1317 1438 1509 1488 pessimus
1548 1448 1596 1473 ex

270 1509 410 1548 labello
440 1509 689 1559 superaddito
718 1509 842 1559 magis
870 1509 1140 1560 dampnabilis,
1161 1516 1198 1548 et
1218 1510 1271 1548 sic
1300 1515 1356 1547 est
1376 1509 1437 1545 vix
1458 1507 1598 1556 aliquis

272 1587 390 1620 status
421 1580 574 1618 alterius
605 1580 751 1618 brachii
782 1581 915 1618 matris
945 1588 1076 1619 nostre
1110 1581 1205 1631 quin
1232 1580 1349 1618 habet
1387 1579 1597 1617 commixta

218 1665 259 1688 20
271 1651 428 1689 brachia
456 1650 504 1688 de
532 1650 649 1688 armis
679 1650 832 1689 diaboli.
889 1651 984 1690 Ideo
1014 1664 1095 1690 non
1124 1657 1181 1690 est
1209 1651 1349 1688 mirum
1370 1651 1401 1688 si
1421 1650 1598 1687 membra

271 1721 415 1759 inimici
434 1720 600 1758 hominis
620 1721 787 1759 videndo
808 1734 915 1760 arma
934 1723 1050 1772 patris
1070 1722 1128 1759 sui
1149 1728 1229 1760 tam
1249 1722 1403 1772 spissim
1423 1720 1602 1770 exposita

272 1792 486 1830 excitantur
520 1791 570 1828 ad
608 1791 739 1840 prelia,
771 1804 939 1842 quorum
952 1792 965 1812 ³
999 1792 1201 1830 suscitacio
1235 1799 1294 1830 est
1331 1792 1402 1830 sibi
1431 1791 1601 1841 propria.

272 1862 455 1911 Arguitur
473 1863 577 1900 enim
598 1875 687 1900 cum
707 1862 856 1901 fallacio
872 1869 913 1900 ut
933 1863 1024 1913 quia
1044 1869 1163 1901 status
1183 1862 1271 1901 licet
1291 1863 1466 1902 modicus
1487 1875 1603 1912 quem
1619 1873 1663 1905 By
1675 1881 1692 1898 a
1705 1870 1788 1897 series
1804 1870 1837 1897 of

1616 1907 1686 1932 salse
1700 1909 1862 1937 arguments

273 1932 416 1970 habent
437 1932 485 1970 de
505 1933 688 1982 apostolis
708 1939 764 1971 est
792 1939 891 1970 statu
920 1934 1079 1972 seculari
1107 1934 1331 1984 perfeccior,
1355 1946 1449 1983 ergo
1478 1935 1604 1971 omnis
1618 1939 1875 1999 {Qgc‘ffssffissssgss-

222 2025 260 2058 25
276 2009 395 2042 status
434 2015 550 2053 quem
588 2003 732 2041 habent
770 2011 925 2053 superat
964 2004 1060 2042 sicut
1099 2017 1237 2042 aurum
1276 2011 1430 2054 superat
1468 2017 1509 2043 es
1547 2005 1604 2042 vel
1618 2006 1798 2072 ffigsszrzttelffi
1811 2005 1880 2037 they

275 2073 490 2123 plumbum,
532 2080 570 2111 et
607 2085 656 2111 ex
695 2074 760 2112 illo
799 2075 1037 2113 concludunt
1075 2075 1182 2125 quod
1220 2081 1307 2113 sunt
1346 2075 1603 2125 inpeccabiles
1616 2071 1883 2134 ξξῑὸῗξζεὲῡὸθωῐπ

0 2189 1 2199 ¹
58 2154 364 2186 F01.180b.cum
393 2144 474 2181 aliis
500 2141 519 2162 *
555 2144 789 2181 blasfemiis*
811 2142 829 2163 *
856 2145 1024 2183 infinitis.
1086 2145 1266 2195 Arguunt
1300 2152 1343 2183 20
1373 2146 1403 2183 si
1432 2145 1602 2195 prelacio

0 2218 3 2267 }
58 2200 106 2277 ‘33-
119 2200 155 2230 b.
276 2221 314 2252 et
347 2214 421 2252 alia
455 2213 581 2252 officia
614 2214 798 2252 secularia
835 2222 997 2264 possunt
1031 2217 1132 2254 bene
1171 2216 1262 2262 fieri,
1297 2223 1389 2254 tunc
1429 2217 1515 2254 licet
1553 2217 1608 2254 eis

277 2284 474 2334 potissime
494 2285 615 2322 modo
635 2290 672 2322 et
692 2285 874 2323 continue
895 2286 1041 2324 actibus
1062 2286 1134 2324 illis
1153 2286 1350 2325 intendere
1370 2287 1463 2337 quia'
1479 2287 1519 2323 in'
1539 2288 1609 2324 illis

225 2370 267 2402 30
281 2355 523 2404 dispensacio
543 2355 644 2392 cadit
675 2355 883 2404 potissime.
940 2356 1082 2394 Tercio
1102 2369 1194 2395 vero
1223 2358 1415 2407 arguunt⁵
1445 2358 1550 2407 quod
1581 2359 1610 2395 si

280 2425 365 2466 talis
384 2426 460 2462 vita
481 2425 527 2463 sit
547 2425 741 2463 meritoria
757 2426 795 2462 in
816 2426 922 2464 laicis
942 2439 1031 2464 cum
1047 2434 1197 2476 oportet
1213 2427 1319 2477 quod
1334 2428 1409 2466 vita
1424 2428 1610 2466 laicorum

280 2495 518 2544 exempletur
538 2496 577 2532 in
597 2495 669 2533 illis
689 2502 730 2533 ut
750 2497 918 2545 speculo,
942 2503 979 2534 et
999 2497 1166 2535 mundus
1186 2504 1243 2536 est
1263 2498 1384 2536 modo
1403 2499 1550 2548 positus
1570 2500 1610 2536 in

280 2565 464 2614 maligno,
485 2578 643 2604 necesse
673 2572 730 2604 est
757 2579 824 2605 eos
844 2566 894 2604 ad
913 2567 1201 2605 rectificandum
1231 2569 1397 2618 negocia
1426 2570 1610 2608 secularia

323 2683 335 2702 ¹
359 2686 457 2723 enirn,
472 2695 536 2717 om.
553 2693 589 2717 A.
751 2684 764 2702 ²
789 2686 888 2717 Cristi
912 2687 1253 2727 pseudotraditionum
1277 2694 1342 2730 pro
1365 2690 1610 2722 Pseudochristi

281 2737 509 2768 traditionum.
613 2737 625 2755 ³
643 2747 707 2778 quo
716 2742 780 2778 pro
797 2748 945 2779 quorum,
963 2747 996 2770 A.
1101 2739 1113 2757 4
1128 2744 1203 2781 post
1218 2741 1398 2775 blasfemiis
1413 2742 1487 2774 add.
1506 2742 1550 2780 in,
1569 2750 1602 2773 Α.

282 2787 294 2805 ⁵
317 2793 496 2830 arguuntur
510 2793 575 2831 pro
590 2794 741 2829 arguunt,
759 2797 793 2822 A.

905 2857 972 2882 '1¹2
