2051 3299
659 250 723 281 DE
755 249 951 281 OFFrcro
983 247 1140 280 REGIS.
1785 231 1833 272 81

20 359 111 433 eugss
122 357 156 388 in
172 357 225 388 De
236 356 436 406 Apostoli'
458 367 637 394 sermone
663 355 780 401 xvi01,
812 353 883 391 ‘In
914 355 1000 399 hiis,
1029 366 1095 402 que
1126 355 1200 390 iam
1221 352 1404 398 habemus,
1430 351 1561 388 lauda*
1575 360 1745 422 ssgffisdfiits
1756 365 1816 420 {3³11

53 413 87 433 ΕΓ
116 427 122 433 .
1819 411 1829 415 -

19 446 123 486 Apos,
130 454 223 476 serm.
238 441 359 465 remus
379 427 500 464 Deum
521 427 744 475 largitorem,
762 427 801 462 in
821 426 895 462 hiis
915 438 980 473 que
998 426 1157 461 nondum
1178 424 1359 470 habemus,
1382 427 1563 459 teneamus
1575 428 1799 490 ἓξδῑοηῑὲἓήίὲιεὶὲῑι

19 489 85 520 xvi·
102 488 137 519 ii·
237 499 437 536 debitorem.
514 497 669 535 Debitor
704 497 798 533 enim
829 497 967 547 sactus
1003 501 1064 542 est,
1104 509 1175 533 non
1220 496 1366 544 aliquid
1399 508 1423 531 a
1461 493 1564 530 nobis
1645 472 1663 496 p
1785 480 1792 488 ’

238 571 455 619 accipiendo,
493 569 558 605 sed
589 569 688 617 quod
720 569 757 604 ei
780 569 930 617 placuit
963 569 1219 617 promittendo.
1295 567 1422 604 Aliter
1468 565 1562 602 enim

206 653 223 684 5
238 641 393 677 dicz'mus
421 640 572 685 bomini,
601 639 698 675 debes
729 640 831 684 mibi,
859 652 925 687 que
954 639 1038 675 dedi
1064 639 1157 676 tibi:
1193 643 1227 675 et
1257 639 1366 675 aliter
1395 637 1562 679 dicimus,

237 710 353 748 Debes
373 711 474 756 mibi,
496 711 583 758 quia
602 711 818 759 promisisti
835 709 938 746 mibi.
1001 708 1154 755 Quando
1172 710 1265 746 enim
1294 709 1386 745 dicis
1397 722 1416 752 ;
1448 707 1565 743 Debes

238 782 340 826 mihi,
361 783 449 830 quia
470 781 553 817 dedi
568 780 643 824 tibi,
665 793 688 817 a
709 785 739 817 te
753 781 937 829 processit
953 780 1172 830 beneficium,
1193 781 1256 817 sed
1272 783 1474 816 mutuatum
1495 790 1566 814 non

239 853 422 889 donatum.
482 851 636 897 Quando
665 856 781 888 autem
811 852 902 888 dicis
916 866 933 897 ,·
962 851 1079 889 Debes
1107 852 1210 898 mibi,
1243 852 1342 900 quod
1357 849 1573 899 promisisti

241 924 342 969 mz‘lu‘,
374 928 414 960 tu
442 923 563 959 nibil2
592 923 732 967 dedisti}
761 927 795 959 et
830 927 948 959 tamen
977 924 1112 971 exigis.
1179 922 1340 959 Bonitas
1369 922 1463 957 enim
1493 921 1569 956 eius

189 1004 228 1026 10
240 995 309 1043 qui
329 995 509 1042 promisit
545 994 655 1039 dabit,
688 1006 730 1030 ne
752 994 850 1043 fides
884 995 923 1030 in
957 994 1146 1030 maliciam
1185 997 1432 1030 convertatur.
1496 990 1574 1036 Qui

239 1070 357 1102 autem
378 1065 497 1114 fallit
524 1065 645 1101 malus
674 1069 735 1101 est.
792 1064 842 1101 Et
874 1064 1242 1114 correspondenter³
1269 1069 1326 1101 est
1358 1063 1406 1100 de
1436 1062 1570 1100 obedi-
1583 1069 1621 1095 So
1635 1068 1722 1095 God’s

1582 1102 1734 1128 obedience
1749 1107 1779 1128 to

240 1136 349 1173 encia
379 1134 706 1184 distinguendum.
764 1134 1003 1173 Obediencia
1036 1135 1140 1172 enirn
1170 1147 1246 1184 qua
1276 1134 1383 1171 Deus
1413 1133 1820 1202 Obedit422255uffifsten.

240 1206 463 1243 hominibus
494 1212 551 1242 est
581 1206 757 1255 graciosa
777 1206 836 1243 vel
866 1214 998 1255 parata
1027 1206 1179 1243 audicio
1208 1205 1407 1255 peticionis
1436 1216 1570 1242 eorum
1583 1202 1761 1270 {negtiffoffieir

243 1277 427 1315 solvendo
453 1277 507 1313 eis
534 1276 707 1313 debitum
735 1289 780 1314 ex
807 1277 1009 1326 promisso.
1070 1276 1309 1315 Obediencia
1338 1282 1466 1313 autem
1496 1287 1573 1324 qua

192 1357 230 1392 15
245 1354 419 1385 creatura
433 1347 634 1385 racionalis
650 1348 781 1385 obedit
797 1348 871 1385 deo
892 1354 947 1385 est
964 1348 1105 1385 servilis
1126 1347 1276 1385 audicio
1292 1359 1368 1396 qua
1383 1346 1575 1383 humiliter

245 1419 391 1468 perficit
421 1418 649 1455 mandatum
682 1418 840 1464 domini,
862 1425 899 1456 et
930 1419 982 1456 sic
1013 1418 1141 1455 omnis
1170 1417 1395 1456 obediencia
1418 1424 1475 1455 est
1495 1422 1575 1454 rata

246 1490 296 1527 ob
317 1489 528 1527 audiencia.
585 1488 731 1526 Ymmo
752 1489 979 1526 obediencia
999 1489 1158 1527 sumitur
1178 1489 1413 1538 quandoque
1432 1487 1576 1525 laxius⁵

245 1573 315 1610 pro
346 1570 590 1611 quacumque
621 1561 864 1610 impensione
902 1560 1088 1598 servitutis
1118 1572 1236 1609 quam
1269 1565 1442 1597 creatura
1469 1565 1576 1597 mota

30 1645 138 1678 Mark.
155 1645 197 1676 iv.
248 1631 424 1669 divinitus
450 1631 573 1668 reddit
594 1631 692 1677 Deo,
713 1638 755 1668 ut
786 1631 908 1669 Marc.
935 1631 998 1678 iiii,
1035 1631 1141 1668 Venti
1161 1636 1196 1668 et
1218 1644 1319 1668 mare
1343 1630 1512 1667 obediunt
1532 1632 1573 1667 ei.

28 1698 116 1773 ’Χάει
136 1689 235 1762 DeP⁹
250 1702 364 1740 Unde
391 1702 631 1751 Augustinus
664 1702 760 1740 libro
789 1702 835 1738 ii0
864 1703 934 1740 ‘de
960 1702 1198 1739 mirabilibus
1228 1702 1412 1751 scripture
1444 1701 1574 1738 sacre'

30 1776 151 1806 Mirab-
164 1775 235 1815 ii·4-
249 1773 415 1823 capitulo
451 1779 507 1821 30,
539 1785 739 1822 exponens
772 1773 866 1810 illud
899 1773 1042 1810 dictum
1081 1773 1197 1811 Iosue
1228 1786 1253 1810 x
1284 1772 1454 1822 capitulo
1486 1771 1576 1809 ‘Sol

30 1819 121 1861 Josh.
138 1830 168 1850 x.
187 1827 235 1850 12.
581 1843 589 1857 ,
791 1846 796 1851 .
1056 1845 1062 1851 .
1304 1845 1309 1851 .
1577 1844 1583 1850 .

248 1851 381 1882 contra
401 1843 568 1882 Gabaon
611 1844 716 1881 Iesus
725 1844 846 1893 filius,
868 1843 973 1881 Num
986 1851 1163 1893 princeps
1174 1845 1303 1893 populi
1324 1843 1451 1880 Israel
1462 1845 1483 1879 fl
1511 1843 1576 1879 solz

249 1916 288 1952 in
326 1915 475 1951 meridie
504 1916 669 1963 precepit
699 1927 742 1951 ne
773 1928 809 1951 se
842 1919 997 1951 moveret
1027 1920 1061 1951 et
1092 1916 1175 1952 lune
1204 1915 1270 1952 ubi
1284 1915 1426 1965 suerat
1465 1917 1581 1950 staret

248 1986 356 2023 donec
397 1999 433 2022 se
476 1985 576 2022 Dei6
607 1987 768 2035 populus
810 1986 851 2022 de
893 1987 1054 2023 inimicis
1101 1987 1317 2023 vindicaret.
1398 1985 1506 2031 Quod
1548 1988 1581 2020 et

198 2057 390 2107 25factum
419 2060 479 2092 est.
535 2055 640 2093 Nam
669 2057 725 2093 sol
750 2057 838 2093 duos
865 2057 939 2093 dies
968 2058 1007 2093 in
1037 2070 1108 2093 uno
1138 2058 1316 2093 conclusit
1338 2061 1371 2093 et
1397 2057 1487 2093 luna
1507 2056 1582 2091 diei

249 2128 371 2175 spacio
403 2139 475 2163 non
508 2128 681 2163 occurrit.
756 2126 806 2164 In
840 2140 913 2175 qua
945 2128 1103 2164 iussione
1136 2140 1207 2164 non
1240 2127 1400 2163 humani
1433 2127 1583 2175 imperii

250 2199 465 2235 auctoritate
511 2199 739 2235 luminaria⁷
782 2200 1020 2247 requiescunt,
1068 2199 1133 2235 sed
1176 2199 1319 2235 domini
1361 2198 1579 2246 imperantis

250 2273 293 2306 ut
327 2274 469 2306 starent
504 2270 628 2306 iussui
661 2270 837 2307 obediunt.
913 2268 991 2307 Nil
1019 2271 1113 2306 enim
1139 2274 1295 2318 propter
1329 2269 1483 2305 iubentis
1515 2269 1579 2305 720-

204 2372 206 2374 .
251 2341 363 2377 minis
397 2340 545 2377 verbum
579 2340 639 2376 dei
668 2345 835 2377 creature
855 2341 1025 2390 faciunt,
1062 2341 1127 2377 sed
1152 2341 1250 2389 quod
1279 2341 1447 2376 dominus
1480 2339 1585 2375 servi

199 2423 241 2454 30
252 2411 316 2446 sui
346 2411 516 2447 oracioni
549 2411 711 2448 obediens
739 2412 905 2460 precepit
939 2412 1003 2447 boc
1037 2411 1206 2460 efficiunt.
1277 2409 1343 2447 Sic
1373 2411 1467 2446 euim
1497 2416 1580 2457 per-

36 2485 194 2518 F01-127
206 2481 397 2518 abibam
418 2480 505 2518 ‘Sol
520 2483 618 2518 stetit
638 2480 655 2500 *
687 2486 815 2518 contra
839 2482 988 2530 gabaon
1009 2486 1042 2518 et
1058 2483 1149 2518 luna
1179 2482 1232 2518 ad
1257 2482 1389 2518 vallem
1419 2480 1580 2517 Acbilon

252 2552 426 2589 obediente
459 2553 600 2589 domino
634 2554 718 2589 voci
745 2551 922 2589 bominis?
992 2551 1066 2590 Ex
1106 2565 1176 2601 quo
1217 2553 1435 2601 intelligitur
1476 2552 1577 2588 deum
1593 2559 1657 2586 God
1670 2559 1726 2585 will
1739 2559 1827 2586 there.

1590 2594 1650 2619 fore
1664 2593 1736 2626 obey
1749 2594 1797 2619 the

252 2635 443 2659 servorum
481 2636 631 2660 suorum
660 2624 835 2672 precibus
872 2623 1021 2660 obedire.
1109 2623 1230 2660 Aliter
1259 2623 1363 2660 enim
1401 2628 1580 2672 oportere
1591 2627 1736 2687 Ξζῗὲξέἴοὶ
1746 2627 1802 2654 His

301 2792 310 2810 ¹
334 2793 448 2831 lxxxio,
463 2804 495 2834 A,
513 2802 544 2826 Β.
669 2793 682 2811 ²
704 2794 818 2826 multis
836 2799 901 2836 pro
923 2795 1018 2832 nihil,
1043 2804 1079 2834 A,
1102 2803 1132 2826 Β.
1259 2795 1271 2813 ³
1293 2801 1533 2837 consequenter,
1552 2805 1582 2829 Β.

258 2844 269 2861 ⁴
294 2845 449 2886 obedivit,
467 2854 501 2877 Α.
563 2845 574 2863 ⁵
598 2846 697 2878 latius
714 2847 750 2877 in
768 2857 873 2888 marg.
891 2855 925 2878 A.
994 2848 1005 2866 6
1021 2858 1081 2879 om.
1100 2847 1176 2888 Dei,
1193 2855 1217 2878 A
1274 2846 1286 2864 ⁷
1309 2848 1444 2886 lunaria,
1463 2857 1497 2880 A.

907 2915 930 2940 G
