2051 3299
174 219 229 261 30
870 222 933 253 DE
966 222 1164 256 OFFICIO
1197 223 1352 255 REGIS.

452 323 567 360 robur
599 337 704 361 cause
721 328 883 373 pertinet
891 342 909 371 ,·
940 332 1031 365 certe
1054 333 1203 365 sanctus
1236 328 1420 366 Iohannes
1445 331 1680 367 sanctimonie
1686 330 1781 380 fuit

172 402 403 463 ἵζέιῗῃεςῐέἕὲζὶῐὲγὶ
451 401 577 443 custos,
599 398 866 445 condiscipulus
884 404 1001 436 autem
1020 402 1105 446 eius,
1126 405 1274 438 sanctus
1286 405 1425 449 petrus,
1447 414 1603 439 uxorem
1623 407 1657 439 et
1669 403 1778 452 filios

173 469 397 535 {saffigegretffiffo
450 467 644 506 ha*buisse
665 474 906 519 cognoscitur,
931 474 1043 509 eciam
1066 474 1273 521 primatum
1295 478 1337 510 ut
1361 475 1537 521 acciperet
1560 475 1654 510 inter
1674 473 1776 523 Apo·
1792 481 1872 511 Fol.
1890 481 1952 510 113
1964 489 1996 511 a..

171 535 295 561 obstacle
308 541 337 562 to
351 536 432 563 merit

171 569 257 596 much
270 569 326 596 less
338 579 356 596 a
368 570 419 596 sin.
451 541 556 576 stolos
575 554 646 577 non
666 543 702 578 ei
716 543 852 579 obstitit
865 545 1058 592 generacio
1067 544 1242 593 filiorum
1255 557 1274 587 ,·
1295 546 1464 593 quomodo
1479 557 1569 593 ergo
1589 545 1776 593 condemp-

450 612 612 648 nandum
634 617 794 661 putatur
821 615 919 662 quod
943 627 1013 650 non
1043 616 1192 664 impedit
1217 617 1395 652 meritum.
1454 616 1560 653 Hinc
1582 616 1779 665 Apostolus
1795 626 1813 658 5

449 695 527 718 eum
553 685 620 730 qui
636 697 790 721 uxorem
812 685 950 731 habeat,
968 687 1006 722 si
1021 687 1059 721 in
1080 687 1204 722 ceteris
1222 691 1340 723 servet
1357 688 1545 731 mandata,
1565 688 1780 724 sacerdotem

438 753 538 802 fieri
548 760 654 802 posse
674 768 717 791 ac
737 756 855 792 debere
881 756 1037 792 ostendit.
1094 756 1145 793 Et
1172 757 1339 806 sequitur
1358 757 1555 806 expressio
1576 758 1715 795 erroris
1740 758 1779 794 in

450 823 589 861 clerico
610 837 726 874 quem
756 825 968 863 laudamus.
1026 826 1109 872 Est,
1133 827 1266 876 inquit,
1288 829 1385 875 quod
1400 829 1545 865 omnino
1558 829 1782 876 generaliter

450 895 615 932 omnibus
634 909 705 932 non
726 897 808 933 licet
819 910 838 940 ,·
868 901 921 933 est
937 897 1027 934 idem
1049 898 1146 946 quod
1160 899 1249 935 aliis
1268 899 1351 935 licet
1366 903 1400 936 et
1416 900 1503 936 aliis
1522 912 1593 936 non
1614 901 1719 943 licet‚·
1749 904 1784 936 et

449 970 502 1002 est
526 967 624 1014 quod
647 966 872 1015 alequand0¹
900 969 989 1014 licet,
1019 969 1218 1016 aliquando
1244 982 1327 1006 vero
1353 982 1425 1006 non
1456 971 1545 1007 licet.
1601 970 1652 1007 Et
1671 970 1782 1019 ponit
1797 984 1838 1006 10

448 1036 584 1085 triplex
615 1037 837 1086 exemplum
868 1037 980 1075 huius
1011 1038 1206 1077 divisionis
1238 1040 1480 1087 trimembris,
1507 1042 1566 1078 et²
1579 1042 1787 1092 fornicari

449 1108 613 1144 omnibus
637 1115 771 1156 semper
796 1122 867 1145 non
893 1110 976 1146 licet
985 1123 1004 1154 ,·
1034 1111 1226 1159 negociari
1249 1124 1332 1148 vero
1361 1112 1559 1159 aliquando
1587 1125 1659 1149 non
1688 1114 1779 1158 licet,

448 1183 483 1215 et
498 1179 698 1227 aliquando
717 1180 806 1216 licet.
864 1180 1071 1228 Antequam
1093 1184 1178 1218 vero
1199 1183 1281 1229 quis
1300 1183 1560 1220 ecclesiasticus
1578 1183 1635 1232 fit
1651 1184 1733 1220 licet
1749 1183 1785 1220 ei

448 1250 646 1298 negociari,
661 1251 774 1300 facto
804 1252 879 1287 iam
908 1264 979 1288 non
1009 1252 1097 1288 licet.
1146 1251 1204 1289 Et
1230 1266 1309 1289 cum
1339 1266 1460 1291 uxore
1487 1267 1556 1290 sua
1579 1254 1779 1303 aliquando

449 1322 637 1358 convenire
656 1321 745 1366 licet,
772 1322 972 1370 aliquando
1000 1335 1084 1360 vero
1113 1336 1184 1360 non
1213 1325 1295 1361 licet
1306 1338 1325 1368 ‚·
1355 1328 1398 1361 ut
1423 1326 1462 1361 in
1492 1325 1613 1362 diebus
1632 1331 1780 1373 proces·
1797 1336 1835 1369 15

448 1393 564 1429 sionis
581 1393 769 1429 convenire
788 1397 840 1429 est
857 1394 1041 1431 illicitum.
1100 1393 1369 1444 Quandoque³
1399 1401 1455 1432 est
1475 1395 1598 1433 eciam
1625 1408 1647 1433 a
1671 1395 1782 1433 licitis

170 1454 236 1481 And
248 1454 341 1481 shows
353 1454 413 1481 also

170 1488 232 1514 that
246 1489 324 1527 there
337 1498 384 1514 are

170 1522 395 1588 ζῗξςζιῒῗζξῗξγ
450 1540 486 1571 et
509 1534 632 1571 maior
663 1534 861 1572 mundicia
892 1535 973 1572 eius
1008 1535 1214 1573 ministris:
1247 1535 1299 1574 Si
1324 1549 1410 1586 ergo
1442 1551 1513 1574 non
1544 1538 1664 1575 omne⁴
1687 1538 1785 1587 quod
1793 1540 1823 1569 1-

170 1598 243 1621 men,
257 1589 350 1615 which
363 1598 410 1615 are
463 1606 469 1612 -
741 1606 747 1613 .
1238 1609 1244 1615 .
1615 1610 1621 1617 .
1673 1612 1678 1617 .
1780 1611 1788 1618 .

170 1622 362 1649 ufflawfulfor
450 1610 545 1642 inter
564 1609 695 1642 ceteros
714 1606 797 1642 lzcet
821 1610 904 1642 ante
923 1605 1183 1654 Imperatorem
1211 1608 1325 1654 liceat,
1348 1613 1483 1657 quanto
1513 1621 1635 1658 magis
1661 1622 1700 1646 zn
1727 1610 1781 1646 dez

169 1655 278 1688 priests,
291 1665 322 1682 or
334 1665 404 1682 even
553 1677 559 1683 .
927 1678 933 1685 .
978 1679 983 1684 .
1105 1680 1110 1685 .
1264 1680 1270 1686 .
1497 1680 1503 1687 .

168 1690 389 1749 ῗνεέὲζιὲεέςῐξῧὲι
450 1689 572 1712 causis
591 1689 635 1712 ac
653 1682 722 1724 per
747 1676 812 1713 boc
832 1676 1045 1714 Antistztem
1075 1691 1151 1715 eius
1168 1685 1360 1726 puriorem
1392 1684 1518 1716 ceteris
1542 1693 1613 1716 esse
1637 1684 1780 1729 oportet.
1797 1689 1838 1711 ²0

266 1743 272 1754 9

170 1756 311 1815 msspizters
324 1758 356 1783 of
364 1757 436 1816 (160ιὲ
450 1745 576 1794 Ipsius
594 1749 687 1783 enim
709 1754 902 1796 personam
928 1748 1056 1785 habere
1083 1750 1238 1794 videtur,
1258 1750 1347 1797 quia
1368 1763 1498 1787 necesse
1517 1750 1623 1787 babet
1642 1751 1783 1787 cottidie

169 1799 187 1815 a
214 1799 242 1822 lg
264 1796 363 1816 etstan
386 1800 416 1816 ar

169 1823 379 1883 ‹gogffirliitffessnicis
386 1833 436 1850 un·
453 1816 579 1854 Cristi
593 1819 703 1855 vicem
723 1831 839 1867 agere,
864 1824 932 1855 aut
948 1831 1056 1856 orare
1069 1826 1141 1868 pro
1148 1820 1307 1868 populo⁵
1327 1825 1394 1857 aut
1411 1821 1539 1871 (ffirre
1558 1826 1627 1858 aut
1635 1834 1779 1870 ungere.

170 1891 341 1917 demanded.
448 1887 530 1925 Nec
548 1890 663 1926 solum
679 1889 766 1926 huic
785 1903 856 1926 non
877 1891 961 1926 licet
976 1891 1105 1927 laicale
1124 1891 1279 1940 officium
1299 1892 1364 1928 sed
1378 1905 1487 1940 neque
1506 1893 1675 1929 ministro
1692 1894 1779 1939 eius,

449 1462 717 1500 abstinendum
732 1476 740 1500 z
773 1463 873 1501 Cum
887 1464 990 1501 enim
1007 1465 1128 1502 maior
1144 1466 1360 1503 reverencia
1377 1466 1559 1504 debeatur
1575 1466 1636 1504 dei
1656 1467 1781 1504 causis

448 1961 517 2007 qui
543 1960 639 1997 debet
665 1974 735 1997 esse
764 1963 888 1998 ceteris
911 1963 1060 2009 purior,
1086 1964 1175 2010 quia
1206 1967 1334 1999 sancta
1365 1968 1452 1999 sunt
1482 1976 1548 2011 que
1580 1964 1779 2001 ministrat.

449 2029 499 2067 Et
530 2031 640 2079 ponit
672 2031 894 2080 exemplum
926 2031 1175 2081 quadruplex,
1207 2045 1275 2081 per
1306 2033 1411 2082 quod
1444 2034 1697 2071 ascendemus
1731 2034 1781 2071 ad
1797 2042 1835 2073 25

449 2101 774 2139 considerandum
796 2102 964 2139 divinam
990 2103 1264 2141 excellenciam
1285 2110 1321 2141 et
1341 2116 1410 2153 per
1430 2116 1672 2154 consequens
1693 2117 1781 2154 pro-

448 2172 753 2221 porcionabilem
787 2173 1066 2210 excellenciam
1096 2174 1133 2210 in
1163 2174 1376 2212 ministris⁶.
1434 2173 1551 2220 Sicut,
1580 2175 1714 2224 inquit,
1742 2177 1782 2212 in

448 2244 741 2292 comparacione⁷
773 2245 916 2281 lucerne
949 2245 1085 2282 tenebre
1110 2258 1180 2281 non
1206 2249 1348 2282 tantum
1376 2245 1532 2291 obscure,
1562 2247 1625 2283 sed
1639 2247 1783 2284 sordide

448 2319 565 2358 sunt,·
595 2315 648 2351 ad
667 2317 976 2363 comparacionem
998 2320 1114 2352 autem
1139 2317 1342 2362 stellarum,
1365 2317 1515 2353 lucerna
1550 2318 1669 2366 caligo
1684 2331 1703 2360 ,·
1733 2317 1787 2354 ad

447 2386 535 2421 solis
573 2397 657 2423 vero
696 2388 1005 2434 comparacionem
1043 2388 1138 2423 stelle
1175 2387 1296 2423 nebule
1332 2392 1421 2424 sunt
1433 2401 1450 2433 ,·
1489 2388 1543 2424 ad
1572 2388 1633 2424 dei
1664 2392 1780 2425 autem
1796 2402 1837 2433 30

449 2456 652 2493 claritatem
686 2455 704 2475 *
719 2458 776 2494 sol
791 2469 870 2495 nox
889 2462 941 2494 est
952 2471 971 2501 ,·
1002 2459 1054 2494 sic
1074 2471 1139 2506 que
1158 2459 1211 2495 ad
1226 2458 1421 2507 znferiores
1448 2463 1537 2495 sunt
1553 2459 1656 2496 licita
1676 2463 1782 2508 atque
1795 2473 1818 2500 8
1834 2472 1870 2501 b.

448 2528 586 2563 munda
611 2532 699 2565 sunt
716 2533 809 2576 aput
825 2530 1027 2576 superiores
1049 2530 1162 2576 quasi
1178 2530 1310 2566 illicita
1329 2533 1362 2566 et
1379 2530 1579 2566 immunda.
1642 2529 1781 2576 Quam-

448 2610 557 2646 quam
587 2600 682 2635 enim
709 2599 800 2636 bona
824 2604 920 2645 sunt,
939 2605 1093 2648 persone
1119 2603 1236 2636 tamen
1259 2601 1447 2647 superiori
1470 2613 1541 2637 non
1570 2604 1780 2649 competunt.

492 2699 501 2716 ¹
525 2705 595 2732 au⁶⁰
614 2716 640 2726 =
659 2701 830 2738 autentice‚
857 2702 1123 2733 autonomatice2
1222 2701 1234 2718 ²
1258 2706 1301 2740 et,
1327 2713 1388 2733 om.
1414 2710 1444 2733 B.
1546 2702 1558 2719 ³
1581 2702 1723 2743 quando,
1751 2710 1781 2733 Β.

484 2761 552 2783 esse
568 2757 633 2792 pro
656 2763 737 2790 esse,
762 2760 793 2783 Β.
883 2753 895 2769 ⁵
919 2764 988 2794 pro,
1018 2764 1079 2785 om.
1107 2761 1140 2784 Α.
1230 2752 1242 2769 ⁶
1264 2753 1461 2785 excellencia
1487 2754 1519 2785 in
1549 2753 1720 2793 ministris,
1744 2754 1782 2785 in

1033 2803 1045 2820 ⁷
1069 2805 1366 2846 eomparaeionem,
1385 2813 1416 2835 B.

448 2749 460 2767 4

449 2813 554 2842 marg.
575 2804 672 2844 infer.
690 2805 759 2834 alia
777 2815 894 2844 manu,
913 2812 942 2835 Β.
