2051 3299
658 238 722 269 DE
755 236 948 269 OFFICIO
982 235 1134 268 REGIS.

236 348 352 380 tatem
391 343 606 392 proclivior.
664 342 768 380 Nam
803 351 889 379 ante
928 342 1174 379 dotacionem
1207 341 1275 378 fuit
1309 347 1427 378 status
1461 341 1560 378 illius

237 413 382 450 ordinis
422 426 518 462 eque
559 413 763 462 perfectus,
803 414 899 450 sicut
947 413 985 449 in
1032 412 1290 461 principaliori
1338 418 1395 449 est
1442 418 1561 449 status

236 483 380 521 ordinis
417 483 585 529 fratrum,
617 491 657 521 ut
699 484 789 521 dicit
827 483 1082 520 Bernhardus.
1155 482 1231 519 Sed
1271 483 1389 520 modo
1424 489 1483 521 est
1512 495 1561 520 ex

236 554 440 592 dotacione
454 555 465 575 1
486 555 761 604 imperfeccior,
783 555 878 592 sicut
894 554 1129 591 sentenciant
1144 554 1261 591 multe
1281 554 1396 603 leges.
1455 553 1564 591 Sicut

205 625 352 673 Sigitur
373 625 434 662 ille
461 625 715 674 imperficeret
745 625 920 663 ordinem
948 624 1106 661 fratrum
1136 624 1202 673 qui
1231 625 1385 673 copiose
1415 624 1564 661 dotaret

236 708 303 733 eos
324 697 362 732 in
384 696 667 745 temporalibus,
688 696 740 733 ita
761 696 908 733 videtur
929 695 976 732 de
997 694 1183 743 religiosis
1202 695 1509 743 possessionatiS,
1526 701 1565 732 et

1757 227 1834 267 161

235 765 307 803 ista
344 767 490 804 videtur
528 779 609 805 esse
648 767 843 804 sentencia
882 772 1115 803 sanctorum.
1182 764 1299 802 Unde
1336 765 1562 803 venerabilis
1575 768 1618 795 To
1631 768 1688 794 this
1701 777 1742 794 we
1754 767 1828 794 have

18 832 121 871 Beda,
139 832 202 873 Ep.
236 836 344 874 Beda
363 838 403 874 in
423 838 585 887 epistula
606 838 654 875 ad
673 838 886 887 Egbertum
906 836 1252 885 Archiepiscopum
1271 835 1561 873 Eboracensem

1574 803 1623 828 the
1636 802 1788 834 testimony
1800 800 1845 827 of'

1576 837 1623 862 the
1636 836 1708 862 Ven.
1723 836 1801 861 Bede
1814 843 1846 860 as

1574 875 1604 895 to
1617 869 1665 895 the
1674 874 1748 895 state
1757 868 1789 895 of
1798 868 1846 894 the

18 883 61 908 H'
238 908 329 946 dicit
348 909 454 957 quod
473 915 624 958 oportet
644 921 734 946 eum
756 904 1045 959 subordina[re]
1073 907 1329 956 coepiscopos
1358 906 1408 944 ad
1436 907 1562 956 predi-
1576 904 1671 963 {³1¹3ng
1683 903 1716 930 0f
1727 901 1772 928 ΜΞ
1783 910 1847 928 0W¹¹

186 990 225 1013 10
238 979 405 1016 candum
426 980 679 1028 ewangelium
699 979 750 1016 illi
769 979 965 1028 provincie
993 978 1206 1015 secundum
1238 978 1434 1015 decretum
1462 979 1565 1015 beati

239 1049 428 1099 Gregorii,
445 1062 534 1087 cum
549 1050 630 1099 ipse
651 1062 731 1087 non
748 1050 794 1087 sit
808 1050 921 1099 plene
937 1061 1006 1098 per
1026 1061 1065 1086 se
1087 1049 1294 1095 sufficiens3
1325 1055 1362 1086 et
1377 1049 1567 1086 diffiniens

239 1121 292 1158 sic
322 1121 459 1158 obicit:
506 1120 564 1158 Et
598 1122 740 1169 quidem
775 1122 943 1157 novimus
971 1121 1069 1169 quod
1092 1127 1164 1168 per
1197 1120 1410 1156 incuriam2
1440 1132 1572 1169 regum·

228 1192 501 1240 precedencium
539 1192 820 1239 donacionesque
855 1192 1094 1228 stultissimas
1125 1191 1279 1239 factum
1319 1194 1380 1236 est,
1419 1195 1462 1227 ut
1497 1203 1569 1227 non

223 1262 349 1311 facile
389 1263 489 1299 locus
522 1275 671 1309 vacans,
708 1262 775 1298 ubi
806 1262 900 1298 sedes
935 1263 1145 1310 episcopalis
1181 1274 1277 1298 nova
1304 1262 1404 1311 fieri
1436 1260 1567 1308 debeat,

189 1334 407 1374 15z'nvenz'ri
420 1334 549 1369 valeat.
606 1333 656 1369 Et
679 1338 766 1381 post
795 1344 1036 1382 conquerens
1056 1332 1103 1369 de
1130 1332 1292 1369 stulticia
1321 1332 1571 1369 dotacionum

239 1404 562 1441 monasteriorum
601 1404 654 1441 sic
693 1404 883 1453 loquitur:
937 1403 1035 1449 Quia
1073 1404 1287 1440 huiusmodi
1329 1404 1504 1440 maxima
1542 1407 1576 1439 et

232 1475 403 1523 plurima
432 1480 521 1511 sunt
551 1476 630 1511 loca
660 1488 738 1523 que,
768 1480 811 1512 ut
844 1476 942 1523 wlgo
976 1474 1074 1511 dici3
1106 1475 1202 1521 solet,
1236 1487 1346 1522 neque
1377 1475 1437 1510 deo
1465 1485 1575 1522 neque

242 1546 447 1583 hominibus
475 1547 584 1582 utilia
612 1550 706 1591 sunt,
728 1547 817 1595 quia
846 1546 1011 1583 videlicet
1036 1559 1144 1594 neque
1162 1546 1351 1593 regularis
1379 1546 1573 1581 secundum

24 1616 107 1646 ἙὈῙ-
117 1615 185 1645 149
198 1623 231 1644 8·-
245 1616 264 1636 *
282 1618 383 1654 deum
405 1617 531 1653 ibidem
552 1618 628 1654 vita
648 1621 828 1663 servatur,
852 1630 961 1665 neque
980 1617 1046 1653 illa
1062 1617 1140 1653 loca
1160 1617 1294 1653 milites
1313 1617 1388 1652 sive
1407 1617 1548 1652 comites
1560 1616 1577 1635 4

191 1704 231 1726 20
243 1690 467 1726 secularium
487 1692 723 1737 potestatum,
744 1690 812 1736 qui
831 1692 973 1737 gentem
1003 1693 1166 1724 nostram
1196 1700 1220 1723 a
1249 1687 1426 1724 barbaris
1453 1687 1576 1737 deffen-

244 1761 344 1805 dant,
356 1760 552 1808 possident.
594 1759 701 1804 Ideo,
718 1759 852 1808 inquit,
875 1758 1018 1807 Siquis
1037 1760 1075 1795 in
1096 1759 1187 1807 ipsis
1205 1759 1293 1795 locis
1311 1759 1425 1794 sedem
1441 1758 1574 1806 episco-

237 1831 361 1879 palem
400 1831 599 1867 constituat
633 1843 704 1866 non
743 1831 888 1878 culpam
918 1830 1239 1879 prevaricacionis
1276 1830 1477 1875 incurrere,
1515 1829 1579 1865 sed

244 1908 333 1949 opus
347 1902 497 1937 virtutis
518 1902 638 1949 magis
653 1914 761 1949 agere
773 1901 995 1949 probabitur
1008 1900 1033 1937 ⁵.
1078 1899 1128 1937 Et
1146 1899 1263 1937 tercio
1283 1912 1331 1936 ex
1354 1899 1574 1936 testimonio

27 1977 72 2008 Is.
87 1975 169 2007 lviii.
186 1974 216 2007 6.
245 1970 407 2008 Yesaias
430 1971 506 2008 lviii
535 1972 689 2008 dissolve
713 1972 952 2020 obligaciones
979 1972 1223 2008 violentarum
1253 1971 1542 2007 comutacionum
1555 1982 1576 2012 ;

29 2047 131 2096 Beda,
144 2057 200 2088 op.·
247 2042 311 2079 dat
331 2042 644 2080 exhortacionem
664 2042 893 2080 catholicam
913 2043 984 2079 sub
1011 2042 1083 2079 hiis
1102 2041 1227 2078 verbis
1245 2055 1253 2078 :
1288 2040 1408 2077 Tuam
1437 2041 1579 2077 sancti*

29 2095 83 2121 cit.
246 2117 350 2150 tatem
388 2114 485 2149 decet
523 2126 604 2150 cum
643 2114 812 2162 religioso
850 2126 933 2162 rege
973 2117 1093 2149 nostre
1129 2113 1254 2160 gentis
1292 2112 1505 2160 irreligiosa
1547 2115 1580 2147 et

248 2185 376 2233 iniqua
387 2186 561 2233 priorum
576 2189 681 2232 gesta
696 2189 802 2232 atque
820 2185 960 2233 scripta
978 2184 1182 2229 convellere,
1201 2187 1234 2219 et
1249 2196 1290 2219 ea
1310 2195 1376 2231 que
1385 2183 1578 2231 provincie

248 2259 379 2301 nostre,
399 2256 476 2292 sive
494 2256 690 2292 secundum
711 2256 815 2292 deum
835 2257 911 2292 sive
929 2256 1125 2291 secundum
1138 2255 1150 2275 ‘³
1168 2254 1337 2299 seculum,
1367 2255 1445 2290 sint
1470 2254 1578 2289 utilia

239 2327 463 2375 prospicere,
497 2339 539 2362 ne
578 2327 637 2362 vel
669 2327 807 2362 nostris
834 2326 1051 2374 temporibus
1081 2326 1256 2373 religione
1283 2328 1441 2360 cessante
1472 2336 1579 2360 amor

195 2410 236 2440 30
248 2397 451 2445 timorque⁷
485 2397 625 2432 interni
657 2397 866 2445 inspectoris
902 2397 1101 2441 deseratur,
1141 2396 1200 2432 vel
1234 2398 1437 2431 rarescente
1473 2395 1579 2443 copia

249 2467 380 2504 milicie
424 2468 603 2504 secularis
649 2467 772 2504 absint
805 2469 874 2516 qui
905 2468 1005 2517 fines
1041 2467 1088 2504 ab
1125 2468 1333 2504 incursione
1378 2466 1578 2503 barbarica

249 2542 433 2575 tueantur.
485 2537 592 2583 Quod
606 2540 700 2575 enim
720 2543 824 2587 turpe
843 2542 894 2575 est
911 2539 1036 2584 dicere,
1054 2543 1105 2575 tot
1119 2538 1187 2575 sub
1204 2538 1347 2575 nomine
1365 2538 1579 2573 monasteri-

250 2620 359 2644 orum
375 2608 453 2645 loca
472 2608 533 2644 lzz’z'
546 2609 615 2656 qui
630 2609 835 2645 monachice
856 2610 926 2645 vite
945 2615 1104 2657 prorsus
1123 2612 1212 2645 sunt
1231 2611 1395 2655 expertes
1414 2608 1454 2643 in
1472 2619 1579 2643 suam

294 2728 307 2746 1
329 2738 370 2760 ex
386 2728 454 2760 dot.
472 2733 529 2767 est,
546 2729 617 2760 ord.
635 2728 704 2760 inv.
723 2737 753 2759 Β.
822 2728 833 2746 ²
855 2728 1016 2769 injuriam,
1033 2737 1071 2767 A,
1085 2736 1119 2761 B.
1193 2727 1204 2745 3
1229 2727 1327 2765 dicet,
1342 2734 1377 2757 A.
1444 2725 1456 2743 4
1478 2727 1580 2757 comi-

252 2780 338 2818 lites,
362 2788 393 2810 B.
506 2780 517 2798 ⁵
542 2781 756 2822 probabiliter
771 2786 835 2822 pro
858 2781 1064 2822 probabitur,
1081 2788 1115 2811 A.
1226 2778 1238 2795 ⁶
1261 2778 1450 2817 secundum,
1466 2789 1527 2810 om.
1545 2786 1581 2812 A.

252 2830 264 2847 ⁷
288 2837 443 2873 tenorque
460 2837 524 2873 pro
540 2833 713 2873 timorque,
730 2841 764 2864 A.

892 2902 920 2925 M
