2051 3299
699 191 764 221 DE
797 190 990 222 OFFICIO
1023 190 1177 221 REGIS.
1798 187 1876 231 153

55 307 185 356 Decret.
268 297 428 334 consilio
471 309 569 346 pape
617 296 774 333 Martini
816 296 867 333 sic
907 295 1102 332 scribitur:
1143 299 1296 343 propter
1332 295 1591 331 ecclesiasticas
1605 300 1836 361 lrggursaglafficised

54 351 255 434 3¹}'Jvm'
270 381 401 405 causas
419 372 453 404 et
468 368 751 404 altercacionum
770 367 1065 415 significacz'ones
1084 365 1166 402 bene
1175 366 1326 413 placuit
1333 371 1403 413 per
1422 365 1593 413 singulas
1605 344 1773 401 authority·g

262 440 483 488 provincias
501 438 556 475 bis
579 440 618 474 in
638 451 734 474 anno
753 438 944 474 concilium
961 437 1065 486 fieri,
1087 440 1301 473 convocante
1322 437 1593 484 metropolitano

271 510 429 559 episcopo
465 522 584 546 omnes
616 508 865 557 provinciales
906 509 1093 556 episcopos.
1168 506 1237 543 Ad
1269 507 1368 554 quod
1400 507 1595 543 concilium

241 581 423 624 5veniant
448 592 567 616 omnes
588 579 790 628 presbiteri
812 583 846 615 et
871 579 1022 614 diaconi
1039 578 1098 614 vel
1122 578 1182 614 hii
1205 578 1272 626 qui
1292 590 1328 613 se
1354 578 1441 614 lesos
1460 578 1593 614 existi-

271 656 383 697 mant,
422 655 465 688 ut
500 652 538 687 in
576 651 725 686 concilio
762 662 869 686 cause
904 650 1114 686 examinate
1151 649 1205 684 ad
1242 650 1375 685 iustum
1416 648 1592 684 iudicium

259 722 525 770 perducantur.
598 719 656 756 Et
688 721 726 756 si
763 721 831 767 qui
864 720 1055 769 manifeste
1091 720 1254 767 episcopi,
1288 719 1486 767 presbiteri
1527 722 1594 754 aut
1607 726 1640 752 In
1651 727 1821 753 accordanee

271 792 422 828 diaconi
436 792 578 828 inventi
580 791 733 838 fuerint
752 792 791 827 in
811 790 945 839 offensa
964 790 1156 826 secundum
1177 790 1359 826 racionem
1378 790 1589 826 excomuni-
1602 761 1882 827 ἕιεῖτ-Ἰῗῐξῧτιὶἱζῗοῗξῒ

271 867 397 899 centur
421 862 598 910 quamdiu
625 874 705 898 cum
726 874 898 898 consensu
917 861 1067 909 placuit
1092 861 1133 896 de
1158 860 1232 896 lzizs
1255 861 1345 896 dare
1363 861 1591 896 sentenciam.
1604 828 1872 888 ghtffcfirggffcffi·

55 938 100 967 33
119 939 154 967 b.
272 932 388 970 Unde
409 932 513 982 quod
533 932 702 981 episcopi
733 931 871 968 debent
900 931 1095 969 notificare
1122 931 1198 968 suis
1225 930 1395 968 ecclesiis
1418 928 1436 949 ’¹‘
1459 942 1534 979 que
1555 930 1596 966 in

272 1003 368 1040 hiis¹
388 1002 559 1040 conciliis
580 1009 793 1040 statuuntur
821 1007 927 1051 patet
956 1014 1002 1039 ex
1033 1001 1265 1039 diffinicione
1295 1001 1444 1039 concilii
1465 1000 1595 1038 Tolle-

54 1072 106 1104 Cs·
125 1072 257 1122 Decret.
272 1073 373 1110 tani:
422 1072 663 1110 Decrevimus
700 1077 743 1109 ut
776 1073 861 1109 dum
900 1074 939 1109 in
980 1072 1139 1120 qualibet
1165 1073 1367 1120 provincia
1404 1072 1597 1109 concilium

55 1124 87 1191 ξ
103 1115 198 1191 ξὸ,ρ’
215 1125 238 1147 1‘
273 1145 443 1192 agitatur
478 1144 724 1191 unusquisque
759 1145 1002 1192 episcoporum
1040 1143 1350 1180 admonicionibus
1381 1144 1460 1179 suis
1490 1143 1598 1192 infra

273 1227 342 1252 sex
369 1215 544 1251 mensium
573 1215 698 1262 spacia
728 1227 844 1251 omnes
876 1214 1029 1259 abbates,
1050 1214 1283 1262 presbiteros,
1305 1214 1473 1250 diaconos
1493 1217 1598 1261 atque

220 1289 262 1321 *15
274 1286 432 1331 clericos,
451 1298 513 1322 seu
540 1285 652 1321 eciam
681 1297 782 1321 omne
808 1288 1017 1321 conventum
1047 1286 1209 1322 civitatis
1233 1286 1349 1333 zpszus
1373 1285 1440 1322 ubi
1455 1291 1599 1334 preesse

273 1357 487 1402 dinoscitur,
509 1368 572 1392 nec
599 1368 671 1392 non
696 1360 731 1392 et
757 1360 922 1393 cunctam
952 1356 1099 1392 diocesis
1130 1368 1192 1392 sue
1212 1356 1350 1404 plebem
1376 1368 1600 1405 congregare

273 1439 499 1475 nequaquam
520 1431 683 1463 moretur
700 1431 877 1475 quatenus
895 1439 1019 1463 coram
1040 1427 1089 1463 eis
1098 1427 1311 1476 plenissime
1329 1430 1462 1464 reseret
1478 1427 1600 1463 omnia

272 1509 339 1546 que
370 1497 484 1533 eodem
512 1509 611 1533 anno
642 1498 681 1533 in
714 1497 863 1534 concilio
894 1502 978 1533 acta
1011 1498 1070 1534 vel
1095 1497 1252 1546 diffinita
1286 1510 1358 1534 esse
1388 1501 1599 1534 noscuntur.

276 1567 387 1613 Quod
413 1568 451 1604 si
475 1568 655 1616 quispiam
681 1568 743 1604 bec
766 1569 1070 1616 parvipendenda
1100 1581 1171 1604 esse
1201 1569 1397 1605 crediderit
1419 1568 1600 1605 sentencia

217 1648 263 1672 ,20
274 1639 627 1676 excomunicacionis
664 1638 819 1675 duorum
859 1640 1034 1675 mensium
1082 1639 1221 1675 circulo
1263 1640 1439 1687 persistat
1472 1651 1600 1687 usque-

273 1721 414 1758 quaque
432 1709 617 1746 multatus.
673 1709 723 1746 Et
742 1709 859 1746 multe
880 1716 968 1746 sunt
987 1709 1117 1759 legum
1137 1710 1418 1747 concordancie
1438 1721 1509 1759 pro
1529 1710 1600 1746 ista

274 1780 479 1817 sentencia.
536 1779 584 1816 In
604 1779 683 1816 istis
703 1785 831 1817 autem
852 1780 1011 1828 synodis
1033 1780 1146 1818 debet
1172 1780 1373 1829 diligenter
1392 1780 1530 1830 inquiri
1551 1780 1597 1817 de
1610 1787 1878 1855 {ssssiffssssffliclsss

273 1851 362 1888 cleri
391 1850 600 1900 quantitate
630 1857 667 1888 et
697 1851 876 1900 qualitate
906 1851 1078 1888 absolute
1103 1851 1142 1887 in
1163 1863 1203 1888 se
1224 1851 1320 1900 ipso,
1341 1857 1379 1888 et
1399 1851 1447 1889 de
1466 1863 1595 1889 exem·
1610 1856 1788 1915 Rfisffisslrssfn
1787 1861 1817 1915 ἒ)
1827 1856 1876 1882 the

57 1915 101 1945 B.

274 1921 370 1970 plari
390 1934 434 1958 ae
453 1921 586 1958 humili
606 1921 842 1958 ministeriali
861 1921 1178 1959 comunicacione
1200 1934 1288 1959 cum
1309 1922 1425 1960 laicis.
1482 1922 1596 1959 Unde
1609 1923 1720 1990 ἓζῗξξγν
1731 1923 1763 1949 0s
1772 1923 1821 1949 the

57 1991 189 2022 Decret·
275 2004 352 2041 quo
391 1991 440 2029 ad
486 2003 691 2029 numerum
738 1992 914 2029 scribitur
953 1998 997 2040 30
1040 1992 1289 2030 decretalium
1336 1992 1397 2030 De
1435 1993 1510 2030 vita
1559 1998 1595 2031 et
1666 1977 1683 1989 b

57 2034 247 2119 ‘Ifff'iflgsq
275 2062 475 2100 honestate
513 2062 750 2109 clericorum,
796 2061 990 2109 Quoniam,
1023 2067 1067 2100 ut
1100 2064 1179 2100 ait:
1212 2062 1444 2109 Statuimus,
1476 2065 1598 2113 inquit
1610 2075 1749 2108 [Gregory
1761 2074 1824 2107 vir]

276 2145 388 2182 papa,
427 2138 469 2170 ut
487 2133 741 2183 facultatibus
777 2134 1010 2170 ecclesiarum
1049 2139 1258 2171 vestrarum
1296 2135 1531 2183 proventibus
1568 2139 1602 2171 et

276 2205 445 2253 expensis
491 2205 683 2254 diligenter
723 2205 891 2252 inspectis
927 2209 1062 2242 certum
1100 2206 1139 2242 in
1176 2206 1227 2242 eis
1273 2206 1428 2242 valeatis
1463 2213 1600 2255 ponere

277 2287 467 2312 numerum
500 2275 727 2319 clericorum,
758 2279 793 2311 et
826 2279 981 2312 statuere
1017 2280 1059 2312 ut
1092 2276 1184 2313 bona
1217 2289 1339 2314 eorum
1378 2278 1529 2314 veniant
1558 2278 1597 2313 in

224 2357 267 2388 30
277 2347 430 2393 comuni,
451 2349 485 2382 et
500 2347 540 2382 in
559 2358 635 2383 una
654 2346 755 2382 domo
774 2350 970 2383 vescantur
987 2350 1092 2395 atque
1118 2347 1184 2383 sub
1215 2360 1286 2384 uno
1311 2351 1396 2384 tecto
1415 2348 1602 2384 dormiant

274 2422 311 2455 et
331 2418 564 2466 requiescant.
620 2415 744 2465 Super
767 2428 845 2466 quo
866 2416 954 2454 dicit
973 2416 1125 2465 glossa:
1155 2418 1218 2454 illi
1227 2418 1388 2467 fructus
1407 2419 1604 2455 estimandi

272 2492 360 2525 sunt
385 2488 454 2536 qui
481 2492 679 2536 supersunt
707 2488 869 2524 deductis
896 2489 1076 2536 expensis,
1109 2492 1143 2524 et
1174 2489 1227 2525 ita
1258 2492 1309 2525 tot
1328 2494 1416 2526 sunt
1435 2490 1603 2538 ponendi

272 2560 400 2597 clerici
426 2560 466 2595 in
497 2559 652 2595 ecclesiis
685 2562 773 2607 quot
801 2571 850 2596 ex
872 2559 1074 2607 fructibus
1112 2559 1191 2596 illis
1226 2560 1364 2596 honeste
1400 2561 1601 2597 sustentari

266 2634 431 2679 possunt,
452 2635 493 2666 ut
512 2629 696 2678 allegatur
718 2641 787 2678 per
815 2629 943 2678 legem
971 2629 1231 2679 multiplicem.
1291 2629 1352 2667 Sic
1374 2630 1512 2679 igitur²
1531 2642 1596 2668 rex
1611 2642 1747 2681 Through
1761 2642 1808 2668 the
1832 2675 1838 2680 ,

222 2713 261 2745 35
275 2707 405 2751 posset
440 2712 675 2753 cognoscere
709 2706 896 2749 quantum
931 2700 977 2738 de
1017 2701 1129 2738 bonis
1166 2699 1279 2738 Cristi
1318 2707 1355 2738 et
1388 2701 1502 2750 regni·
1535 2702 1600 2740 dat
1613 2676 1880 2737 Slilisssslrsshfiolffvmg

581 2778 588 2796 ³
616 2777 698 2815 istis,
716 2784 746 2808 B.
1124 2778 1135 2796 ²
1158 2789 1247 2820 ergo,
1265 2786 1295 2809 Β.
