2051 3299
162 176 242 218 188
863 188 927 219 DE
959 188 1157 221 orrrcro
1190 189 1349 221 REGIS.

160 306 303 367 {Ssifficgfetffi
315 306 393 366 ἓῑέἕ
407 305 429 332 is
499 292 574 330 Sed
595 293 752 330 ulterius
776 293 933 339 videtur,
956 293 1050 330 dum
1072 306 1138 331 rex
1160 294 1274 332 debet
1294 293 1531 344 theologiam
1553 295 1772 343 defendere,

160 375 411 434 iffigehaeiffiffisse‘
442 364 550 413 quod
589 364 703 401 debet
741 364 875 401 omnia
922 364 1200 414 impedimenta
1239 365 1320 402 eius
1358 378 1433 415 que
1475 366 1674 404 subiacent
1707 380 1774 405 sue

159 442 221 501 «1:113S
224 441 386 501 ttffigsssrgssle
440 435 620 484 potestati
655 435 891 481 subtrahere,
927 435 1033 485 quod
1066 435 1164 473 foret
1196 436 1361 473 multum
1393 449 1615 474 onerosum.
1672 437 1776 475 Nam

159 509 531 569 ἓῗῑξὶῑὲἓὲίἰνὶὶῖἦῖνιγθδῖυῃο
562 519 628 544 rex
656 506 798 555 Anglie
827 518 907 544 non
939 507 1079 544 sineret
1107 507 1146 543 in
1175 519 1297 557 regno
1328 520 1397 545 suo
1428 508 1504 557 legi
1532 509 1613 545 iura
1643 509 1776 546 civilia.

441 577 491 614 Et
525 578 650 626 prima
684 577 961 626 consequentia
994 577 1142 615 videtur
1184 589 1231 614 ex
1269 577 1342 616 hoc
1375 579 1482 628 quod
1519 579 1666 617 sinere1
1705 579 1809 622 im-5

443 650 665 698 pedimenta
690 649 956 699 cuiuscunque
984 649 1171 687 facultatis
1199 662 1371 687 crescere
1393 650 1489 688 foret
1510 651 1633 688 sinere
1652 650 1778 700 ipsam

442 720 672 758 decrescere.
730 719 780 756 Et
809 727 914 769 patet
941 720 1047 770 quod
1074 732 1142 757 rex
1162 719 1311 758 habens
1332 721 1371 757 in
1397 719 1414 739 '¹‘
1437 727 1627 770 potestate
1655 733 1781 759 remo—
1793 729 1951 760 F01.156
1963 731 2000 759 b.

442 802 530 827 vere
565 791 636 827 ista
672 791 867 828 contraria
899 791 1154 840 approbando
1182 791 1242 828 vel
1276 791 1534 840 permittendo
1571 792 1642 829 ista
1673 791 1779 828 inva-

443 862 588 900 lescere
617 863 809 911 approbat
837 862 895 899 vel
929 862 1112 911 permittit
1146 862 1436 900 decrementum
1468 862 1568 900 illius
1604 863 1780 909 sciencie,

448 933 497 971 ad
536 933 646 971 cuius
685 933 907 983 oppositum
946 933 1148 982 obligatur.
1213 933 1333 979 Quod
1372 940 1501 971 autem
1541 940 1780 971 crementum
1797 948 1836 970 10

444 1005 533 1042 iuris
563 1005 682 1042 civilis
711 1005 832 1042 tendit
862 1005 911 1042 ad
940 1005 1231 1042 decrementum
1260 1004 1319 1042 vel
1347 1005 1643 1054 corrupcionem
1673 1004 1781 1043 theo-

444 1076 545 1126 logie
584 1083 691 1125 patet
729 1088 777 1113 ex
816 1076 975 1113 racione
1014 1075 1229 1125 multiplici,
1272 1075 1416 1113 scilicet
1454 1088 1501 1113 ex
1538 1076 1783 1114 detraccione

445 1160 702 1198 personarum
723 1154 760 1184 et
781 1147 1027 1185 detraccione
1049 1147 1368 1196 occupacionum,
1387 1155 1424 1184 et
1445 1160 1492 1185 ex
1515 1147 1785 1185 contrarietate

165 1224 228 1250 The
241 1221 399 1256 opposition
447 1226 527 1257 tam
577 1219 829 1257 scienciarum
877 1231 996 1268 quam
1043 1219 1167 1256 eciam
1206 1218 1477 1257 subiectorum.
1555 1219 1627 1256 In2
1675 1219 1784 1256 cuius

166 1258 294 1284 between
308 1257 355 1282 the

164 1290 383 1351 {fflffissffaffis
447 1291 793 1329 confirmacionem
821 1303 888 1328 rex
920 1290 952 1326 F
955 1289 1097 1328 francie
1122 1290 1340 1339 procuravit
1366 1296 1405 1327 ut
1430 1302 1532 1340 papa
1553 1290 1783 1328 discerneret
1799 1302 1836 1334 15

166 1357 376 1418 ἓὲζζὲἓᾶξξξίξέ
387 1357 435 1416 {iffi
446 1363 530 1400 iura
565 1363 687 1400 civilia
721 1374 801 1400 non
837 1374 922 1400 esse
965 1361 1130 1412 legenda
1159 1361 1336 1399 Parisius.
1393 1361 1507 1399 Unde
1547 1362 1681 1411 quinto
1720 1361 1785 1399 de-

167 1426 409 1493 ffisslcffissngffflff
447 1434 646 1472 cretalium
673 1433 735 1471 De
753 1435 973 1484 privilegiis
1004 1433 1172 1483 capitulo
1205 1433 1328 1483 Super
1355 1434 1499 1482 specula
1525 1433 1578 1470 sic
1598 1432 1966 1474 habeturtDecretal.

167 1493 435 1559 fflgdfflssetfffg'ffivss
449 1504 550 1543 Sane
587 1506 670 1542 licet
704 1510 838 1542 sancta
875 1507 1023 1542 ecclesia
1071 1518 1197 1554 regum
1244 1506 1467 1542 secularium
1515 1517 1587 1541 non
1634 1509 1787 1553 respuat
1796 1486 1992 1560 ἓξξὶὲξκίᾓ.

168 1561 223 1587 law
236 1566 265 1587 to
278 1561 313 1586 he
333 1560 436 1592 taught
914 1578 919 1584 .
984 1577 990 1583 .
1144 1577 1150 1583 .
1221 1578 1226 1583 .
1256 1577 1263 1583 .
1411 1577 1416 1583 .
1452 1577 1457 1583 .
1539 1577 1544 1583 .
1591 1576 1596 1583 .

170 1595 198 1620 in
212 1594 291 1620 Paris
304 1603 335 1620 οῖ
347 1594 395 1619 the
434 1575 675 1628 famulatum
722 1589 789 1626 que
835 1581 1004 1625 equztalzs
1053 1581 1088 1613 et
1132 1581 1276 1613 zustzcze
1322 1581 1479 1625 vestzgza
1526 1575 1749 1612 zmztantur3
1764 1588 1784 1619 ,·
1799 1584 1826 1605 C·
1846 1574 1895 1604 28-

168 1628 410 1661 neighbourhood.
514 1650 519 1655 .
736 1649 743 1655 .
933 1650 940 1655 .
1217 1649 1223 1655 .
1372 1649 1378 1655 .
1433 1649 1455 1654 ..
1551 1648 1557 1655 .
1586 1648 1592 1654 .

450 1662 539 1698 quia
573 1653 694 1685 lamen
724 1662 765 1685 zn
785 1647 959 1685 Francza
988 1653 1022 1685 et
1049 1649 1238 1685 nonnullis
1257 1655 1469 1697 provinczzs
1499 1648 1585 1684 lazcz
1615 1646 1785 1684 Roman·
1801 1662 1843 1683 20

450 1733 557 1757 orum
598 1721 860 1769 imperatorum
898 1720 1038 1769 legibus
1074 1733 1146 1756 non
1185 1724 1353 1764 utuntur,
1391 1724 1424 1756 et
1459 1723 1661 1756 occurrunt
1695 1730 1787 1755 raro

451 1792 684 1829 ecclesiastice
720 1805 826 1829 cause
864 1793 955 1828 tales
1001 1805 1067 1840 que
1113 1805 1184 1828 non
1223 1796 1384 1841 possunt
1417 1792 1566 1828 statutis
1603 1791 1790 1827 canonicis

454 1864 638 1913 expediri,
678 1868 722 1900 ut
746 1863 896 1912 plenius
933 1876 1039 1900 sacre
1067 1865 1210 1912 pagine
1245 1864 1442 1900 insistatur
1468 1862 1642 1912 firmiter
1674 1862 1789 1897 inter-

454 1936 611 1972 dicimus
648 1940 682 1972 et
718 1936 932 1971 districcius
961 1935 1165 1972 inhibemus
1203 1948 1245 1971 ne
1273 1935 1456 1972 Parisius
1490 1935 1548 1971 vel
1577 1932 1792 1970 civitatibus

453 2020 516 2044 seu
554 2007 642 2043 aliis
671 2007 759 2043 locis
792 2007 928 2043 vicinis
960 2007 1158 2054 quisquam
1192 2007 1313 2042 docere
1346 2006 1404 2042 vel
1433 2005 1564 2041 audire
1592 2005 1652 2040 ius
1683 2004 1788 2040 civile
1804 2017 1848 2049 25

447 2082 654 2128 presumat,
674 2082 708 2115 et
734 2078 803 2126 qui
827 2082 954 2114 contra
967 2078 1111 2126 fecerit
1137 2089 1207 2113 non
1237 2078 1352 2113 solum
1381 2089 1405 2112 a
1434 2087 1636 2112 causarum
1655 2078 1791 2123 patro-

455 2150 566 2186 ciniis
605 2150 752 2186 interim
789 2149 1026 2195 excludatur,
1063 2161 1189 2185 verum
1227 2149 1340 2184 eciam
1372 2155 1445 2197 per
1481 2147 1682 2196 episcopum
1721 2146 1795 2182 loci

457 2221 819 2258 excomunicacionis
838 2220 984 2257 vinculo
1006 2217 1024 2237 '⁸‘
1048 2220 1250 2256 innodetur.
1309 2218 1370 2255 EX
1400 2218 1474 2255 isto
1503 2216 1658 2254 decreto
1687 2222 1791 2265 patet
1803 2222 1853 2252 40
1870 2231 1902 2253 a.

460 2292 586 2342 primo
615 2291 721 2340 quod
756 2303 859 2341 papa
895 2290 1109 2328 intenderet
1139 2290 1341 2328 excludere
1375 2289 1599 2327 audiciones
1628 2287 1791 2326 istorum

461 2363 598 2400 iurium
637 2362 860 2407 camerales‚
901 2374 990 2400 cum
1029 2362 1172 2399 nedum
1211 2361 1355 2399 inhibet
1392 2361 1431 2398 in
1471 2359 1684 2397 civitatibus
1722 2359 1790 2396 sed
1804 2366 1847 2397 30

458 2435 497 2472 in
531 2434 625 2472 locis
655 2434 785 2471 vicinis
818 2433 895 2482 legi
924 2434 1005 2471 iura
1036 2433 1171 2471 civilia.
1228 2432 1337 2470 Patet
1370 2438 1413 2468 20
1445 2430 1550 2481 quod
1579 2443 1683 2479 papa
1710 2442 1795 2467 non

459 2506 624 2543 intendit
657 2505 786 2543 dicere
819 2505 925 2554 quod
960 2517 1077 2543 omne
1106 2505 1165 2542 ius
1194 2504 1366 2541 divinum
1396 2502 1454 2540 vel
1488 2501 1793 2539 ecclesiasticum

461 2577 509 2615 sit
542 2577 599 2614 ius
634 2576 752 2622 civile,
786 2576 885 2613 sicut
919 2576 1050 2613 dicunt
1084 2575 1263 2613 doctores
1296 2574 1438 2621 nostri,·
1473 2579 1562 2610 tunc
1597 2572 1702 2609 enim
1734 2571 1794 2608 in-

462 2654 634 2687 curreret
663 2660 765 2697 papa
794 2647 1035 2685 blasfemiam
1065 2646 1307 2696 prohibendo
1342 2659 1390 2683 ne
1421 2645 1585 2683 Parisius
1612 2644 1672 2682 vel
1700 2643 1797 2682 locis

461 2720 595 2758 vicinis
626 2721 782 2769 legatur
813 2719 871 2757 vel
906 2719 1073 2757 discatur
1103 2719 1160 2757 ius
1189 2719 1306 2766 civile,
1337 2719 1426 2768 quia
1456 2724 1545 2755 tunc
1575 2717 1793 2767 prohiberet
1808 2723 1847 2756 35

566 2802 573 2820 ¹
600 2801 728 2840 sineret,
747 2808 776 2831 Β.
889 2800 901 2817 ²
924 2801 992 2832 Hic
1007 2804 1097 2840 nota,
1114 2800 1152 2831 in
1170 2810 1272 2841 marg.
1291 2808 1324 2832 A.
1429 2799 1440 2818 ³
1463 2802 1639 2838 mutantur,
1657 2806 1690 2829 Α.
