2051 3299
184 212 237 252 88
876 226 941 257 DE
973 225 1167 258 oFF1c10
1200 226 1355 258 REGIS.

461 330 681 369 omissione.
758 330 817 368 Illi
846 337 974 368 autem
1004 331 1069 381 qui
1092 331 1240 368 lucrum
1268 330 1455 380 recipiunt
1487 337 1528 368 ut
1558 330 1788 368 iniusticiam

461 402 672 440 defendant
709 408 909 452 tamquam
938 402 1111 439 blasfemi
1146 408 1280 441 contra
1314 402 1429 440 deum
1464 408 1682 451 procurant,
1717 413 1789 439 nec

182 476 409 537 ᾗῑὲῐεῑὲἳῗῃνὲἒῐεε
461 473 646 511 debemus
666 473 833 523 gaudere
855 473 922 510 sed
939 473 1067 510 dolere
1089 473 1135 511 de
1156 473 1311 510 fratrum
1332 473 1509 519 facinore,
1531 485 1620 510 cum
1642 472 1790 510 Cristus

181 544 435 609 fflfflssffissssss..
459 544 499 581 in
538 544 672 593 triplici
711 544 801 582 fletu
840 556 1052 594 numquam
1091 544 1194 581 flevit
1231 544 1302 582 nisi
1341 544 1482 581 fleverit
1519 555 1588 593 pro
1618 549 1790 592 peccato.

181 611 448 672 {essincorrecting
462 614 751 665 Congauclens1
780 616 911 666 itaque
940 621 1076 653 contra
1103 616 1301 653 caritatem
1331 615 1378 653 de
1407 615 1566 653 crimine
1600 614 1821 655 consentit5

461 688 501 724 in
532 688 674 733 animo,
704 687 800 725 sicut
824 693 860 725 et
887 687 1169 736 parvipendens
1194 688 1398 737 corrigere.
1455 686 1558 724 Nam
1588 686 1653 736 qui
1676 685 1790 723 habet

461 771 484 796 a
506 758 579 796 deo
602 758 749 796 maiora
769 758 872 796 dona
891 765 933 795 ut
953 758 1143 808 corripiat,
1163 764 1200 796 et
1220 770 1335 808 super
1354 758 1428 796 hoc
1448 758 1618 807 negligit,
1639 756 1791 807 gravius

462 835 518 866 est
547 829 774 878 culpandus,
796 829 873 867 sive
902 829 1014 866 fuerit
1034 836 1257 878 potentatus
1277 829 1424 867 habens
1453 825 1713 878 potestatem²
1741 827 1792 865 ad

460 900 535 937 hoc
556 901 776 945 secularem,
807 900 885 937 sive
912 900 1114 949 spiritualis
1145 900 1291 937 habens
1322 900 1371 937 ad
1401 900 1474 938 hoc
1506 899 1636 937 datam
1668 898 1790 936 scien-

460 971 571 1008 ciam.
655 971 706 1008 Et
741 971 843 1008 istud
870 978 927 1008 est
956 971 1124 1020 primurn
1158 977 1364 1020 peccatum
1392 976 1430 1008 et
1456 970 1725 1020 gravissimum
1751 968 1790 1005 in
1806 980 1846 1003 10

460 1054 667 1087 consensu,
689 1042 729 1078 in
749 1053 828 1092 quo
850 1048 937 1079 sunt
957 1053 1094 1079 omnes
1122 1043 1239 1079 verbo
1260 1042 1408 1079 cautela
1428 1042 1486 1079 vel
1506 1053 1622 1091 opere
1643 1040 1792 1078 facinus

182 1129 304 1156 Hewho
315 1129 435 1156 defends
462 1113 724 1158 defendentes,
747 1113 794 1150 de
814 1113 955 1162 quibus
994 1113 1170 1150 scribitur
1190 1113 1306 1150 xxiiii.
1341 1125 1378 1163 q.
1413 1113 1461 1158 iii,
1496 1114 1504 1130 ‘
1523 1111 1602 1158 Qui
1630 1112 1790 1148 aliorum
1804 1127 1831 1148 c.
1848 1117 1932 1148 xxiv.
1946 1117 1987 1158 Q.

179 1164 228 1189 the
241 1173 331 1189 errors
344 1164 376 1189 of
804 1186 809 1191 .
1119 1184 1125 1190 .
1487 1184 1493 1190 .
1518 1184 1523 1190 .
1612 1184 1618 1190 .
1657 1183 1663 1190 .
1791 1160 1848 1191 .iiL

179 1197 275 1223 others
289 1206 366 1223 more
461 1197 623 1221 errorem
660 1184 822 1234 defendit
857 1185 967 1220 multo
1004 1185 1165 1232 amplius
1202 1188 1255 1221 est
1290 1184 1562 1232 dampnabzlzor
1600 1184 1687 1230 zllzs,
1728 1195 1831 1236 qmc.
1850 1213 1900 1244 32·

180 1231 415 1291 flssnvlrffoblessrtgfan
462 1260 601 1301 errant,
622 1257 711 1304 quia
734 1268 805 1292 non
825 1256 939 1292 solum
960 1256 1020 1291 ille
1038 1259 1145 1291 errat
1169 1256 1234 1291 sed
1249 1259 1284 1291 et
1300 1255 1388 1291 aliis
1407 1255 1624 1304 ffndicula
1652 1254 1793 1290 erroris

453 1331 640 1375 preparat
666 1330 700 1362 et
730 1326 936 1375 confirmat.
999 1325 1101 1363 Unde
1133 1328 1221 1375 quia
1256 1327 1433 1375 magister
1462 1326 1602 1362 erroris
1634 1329 1694 1370 est,
1723 1336 1793 1361 non
1810 1336 1847 1369 15

179 1408 250 1435 This
263 1409 371 1442 danger
387 1409 435 1435 the
464 1397 632 1434 tantumss
667 1398 854 1442 hereticus,
875 1398 940 1433 sed
958 1397 1194 1434 heresiarcha
1218 1398 1391 1434 dicendus
1423 1395 1495 1434 ests
1553 1397 1604 1433 Et
1638 1396 1686 1433 de
1720 1395 1794 1432 isto

181 1444 416 1504 ggffgffieffl}
463 1469 634 1519 periculo
664 1475 847 1507 caverent
870 1469 1102 1518 temporales
1131 1469 1278 1507 domini
1305 1469 1553 1506 defendentes
1578 1468 1722 1506 clerum
1750 1479 1794 1505 ac

462 1541 545 1578 eius
568 1540 767 1590 privilegia
797 1546 935 1577 contra
961 1539 1088 1589 legem
1113 1540 1188 1577 Dei
1217 1546 1254 1577 et
1280 1546 1410 1578 sancte
1434 1539 1618 1586 Ecclesie,
1638 1539 1734 1576 sicut
1758 1544 1795 1576 et

462 1611 653 1649 scolastici
687 1623 732 1648 ac
770 1623 904 1648 eorum
935 1610 1156 1649 defensores
1191 1611 1257 1660 qui
1290 1611 1468 1648 resistunt
1498 1610 1718 1659 impingunt
1749 1621 1794 1646 ac

461 1682 698 1732 proterviunt
737 1687 872 1718 contra
910 1680 1143 1719 katholicam
1181 1682 1388 1719 veritatem.
1458 1680 1574 1718 Unde
1606 1679 1793 1718 remissis·
1810 1684 1849 1705 ²0

462 1753 563 1790 simo
577 1752 591 1772 4
621 1752 744 1802 gradu
765 1752 863 1790 illius
891 1764 1103 1790 consensus
1133 1752 1224 1790 dicit
1251 1753 1387 1790 beatus
1408 1751 1619 1801 Gregorius
1638 1750 1737 1788 libro
1756 1750 1794 1787 iii
1807 1749 1981 1835 ἓτὲἕῗζξῖ

1758 1822 1764 1829 .
1839 1806 1856 1826 Ε
1882 1818 1888 1825 .
1984 1818 1991 1825 .

464 1823 627 1873 Regulae
643 1823 668 1869 5,
703 1823 870 1872 capitulo
901 1823 1006 1862 xxix.
1068 1822 1118 1860 Et
1148 1823 1281 1861 similis
1311 1823 1507 1861 sentencia
1535 1822 1719 1872 ponitur⁶
1756 1833 1937 1870 lssLib.iii.

461 1894 626 1932 decretis
649 1894 716 1942 83⁷
736 1894 772 1941 d,
794 1892 911 1940 ‘Quis
933 1894 1067 1943 inquit,
1092 1895 1295 1931 ‘emendare
1304 1898 1427 1943 potest
1441 1898 1476 1931 et
1491 1894 1649 1942 negligit
1665 1893 1796 1942 absque
1807 1881 1982 1955 'gi'l‘kxxiii

461 1965 569 2004 dubio
599 1966 724 2002 delicti
739 1965 963 2014 participem
994 1978 1030 2001 se
1060 1965 1180 2015 zpsum
1214 1965 1421 2002 constituit?
1479 1964 1528 2002 Et
1556 1965 1631 2002 isto
1655 1976 1796 2014 genere
1809 1980 1836 2001 c.
1852 1968 1899 2000 iii.

465 2048 681 2074 consensus
727 2035 944 2073 comuniter
981 2035 1223 2073 maculantur
1260 2036 1441 2085 prepositi
1479 2042 1558 2073 tam
1606 2035 1797 2073 seculares
1811 2044 1850 2077 25

463 2119 583 2156 quam
622 2106 877 2144 ecclesiastici.
935 2105 1081 2143 Ymmo
1123 2113 1160 2143 et
1198 2107 1318 2144 nostri
1357 2106 1544 2144 scolastici
1575 2107 1640 2156 qui
1670 2113 1798 2144 tacent

462 2178 825 2228 promulgacionem
845 2176 1010 2214 veritatis
1031 2176 1219 2215 catholice
1246 2190 1364 2227 quam
1384 2178 1525 2215 debent
1545 2190 1796 2226 cognoscere.

182 2245 290 2272 F0u‘th
305 2245 374 2272 kind
388 2245 420 2272 0f
462 2249 571 2286 Talis
592 2249 694 2286 enim
715 2255 773 2285 est
792 2247 967 2297 proditor
987 2247 1164 2285 veritatis.
1225 2248 1418 2295 Quartum
1440 2260 1564 2298 genus
1584 2260 1797 2286 consensus
1808 2242 1856 2272 Y·

179 2279 333 2306 consentis

179 2314 370 2380 ζξζζζξζζξοῃ
460 2326 518 2357 est
538 2319 739 2368 culpanda,
761 2318 850 2367 quia
865 2317 1091 2364 voluntaria,
1110 2319 1352 2368 cooperacio.
1408 2319 1457 2357 Et
1470 2319 1518 2357 de
1539 2320 1603 2357 tali
1624 2319 1798 2357 scribitur

460 2391 516 2428 iia.
538 2403 573 2440 q.
594 2389 625 2437 Ι,
659 2393 667 2408 ‘
686 2389 835 2427 Notum
857 2389 927 2426 sit.'
987 2389 1218 2428 ‘Facientem
1237 2395 1271 2427 et
1287 2391 1554 2428 consentientem
1568 2391 1686 2440 pari8
1699 2398 1797 2440 pena
1811 2393 1849 2426 C.
1862 2393 1896 2424 ii.
1914 2393 1954 2435 Q.
1971 2393 1992 2424 i.

461 2460 707 2510 constringit?
764 2459 815 2498 Et
843 2461 970 2510 primo
1000 2461 1260 2508 decretalium,
1292 2461 1375 2499 ‘De
1398 2460 1415 2481 *
1440 2462 1566 2500 officio
1586 2462 1749 2512 delegati
1762 2447 1798 2499 ⁹.’
1810 2446 1907 2513 {0132

466 2536 474 2552 ‘
495 2532 593 2578 Quia
614 2533 790 2580 quesitum
807 2535 867 2577 est,
901 2560 908 2568 .
941 2560 948 2568 .
979 2531 1138 2580 Agentes
1151 2536 1186 2569 et
1202 2534 1456 2570 consencientes
1466 2534 1566 2582 pari
1572 2540 1669 2582 pena
1687 2531 1798 2584 (testi-
1812 2522 2018 2598 PecretLib.

464 2604 584 2640 monio
605 2601 803 2653 scripture)
815 2603 1054 2650 puniuntur?
1085 2602 1135 2639 Et
1155 2609 1259 2652 patet
1279 2603 1374 2641 fides
1395 2604 1577 2652 scripture
1597 2602 1614 2623 *
1632 2603 1799 2642 Roman.
1812 2591 1876 2643 T'it.
1890 2610 1975 2641 xxix.
1996 2608 2018 2640 i.
2038 2642 2039 2647 ,

1813 2663 1894 2694 Pol.
1905 2663 1973 2693 129
1985 2669 2016 2692 a.
2038 2678 2039 2684 .

511 2734 521 2751 ¹
538 2733 793 2775 congaudentes,
811 2741 844 2763 A.
922 2731 933 2749 ²
948 2732 989 2763 ad
1006 2733 1069 2764 hoc
1085 2738 1282 2774 potestatem
1299 2735 1489 2774 secularem,
1506 2743 1537 2766 B.
1605 2735 1617 2753 ³
1633 2739 1753 2774 tamen,
1765 2743 1799 2766 A.

468 2785 478 2802 ⁴
497 2786 656 2825 remissio,
674 2793 705 2817 B.
753 2784 764 2802 ⁵
782 2785 814 2815 xi
834 2785 975 2826 Registri
986 2789 1050 2826 pro
1066 2785 1102 2816 iii
1121 2785 1260 2827 Regula,
1273 2795 1309 2827 A,
1321 2795 1350 2819 B.
1409 2785 1421 2803 ⁶
1437 2786 1527 2829 poni,
1541 2796 1563 2818 A
1602 2788 1746 2828 ponitur,
1764 2794 1794 2821 B.

467 2835 479 2853 ⁷
505 2838 555 2878 89,
576 2845 609 2868 A.
699 2837 710 2855 ⁸
734 2847 804 2877 par,
823 2845 855 2867 A.
945 2838 956 2855 ⁹
979 2837 1073 2878 legis,
1091 2844 1122 2869 Β.
