2051 3299
679 211 743 242 DE
774 210 967 242 OFFICIO
1000 210 1155 242 REGIS.
1782 214 1861 253 229

262 313 367 351 aliter
405 313 551 363 punivit
597 314 796 360 hereticos,
836 314 932 353 soret
976 314 1087 359 mitis,
1126 314 1184 351 vel
1226 313 1439 352 secundum
1481 314 1586 363 leges

261 383 421 421 ecclesie
442 384 657 433 suspensio,
674 385 871 434 deposicio
891 385 949 422 vel
969 384 1203 433 proscripcio
1224 383 1319 421 foret
1340 384 1584 422 conveniens.

45 457 223 541 DecretQC.
261 452 374 490 Unde
408 466 469 499 24.
503 467 538 504 q.
569 455 618 491 iii.
649 455 712 491 ‘de
740 456 872 491 illicita
903 452 1265 499 excomunicaczone,’
1301 455 1352 491 sic
1387 454 1580 491 scribitur:

42 508 147 532 xxw.
195 523 202 531 .

42 543 88 574 ᾗῇ.
105 554 131 575 c·
149 543 180 575 6·
260 523 419 561 Sanctus
443 523 648 573 Gregorius
677 526 730 561 ad
754 524 953 562 Iohannem
981 526 1182 573 episcopum
1212 525 1342 561 iniuste
1369 525 1578 562 excomunz'-
1595 532 1621 559 S.
1635 532 1762 565 Gregory
1775 542 1814 559 re-

1592 567 1695 598 proved
1709 576 1727 592 a
1739 566 1838 599 bishop

226 598 395 638 5cantem
443 595 540 631 inter
577 599 693 631 cetera
740 596 893 644 scripsit
937 596 1086 631 docens:
1138 593 1353 632 ‘Cassatis1
1389 596 1504 643 prius
1550 599 1583 631 et
1592 600 1801 664 ἰῐξῗζγεὲζὲἓξηε

258 664 312 699 ad
341 665 518 701 nichilum
556 665 714 702 redactis
743 666 905 714 predicte
934 666 1106 701 sentencie
1134 668 1191 701 tue
1221 665 1370 701 decretis
1400 677 1450 702 ex
1488 665 1773 702 beatimunication-

257 734 375 779 Petri,
392 734 651 782 Apostolorum
663 736 862 784 principis,
883 736 1108 780 auctoritate,
1130 736 1352 772 decrevimus
1369 747 1418 783 30
1440 736 1582 772 dierum

255 805 381 853 spacio
414 805 455 841 de
484 818 594 841 sacra
625 806 834 842 comunione
857 807 1054 854 privatum
1081 805 1126 842 ab
1153 806 1389 853 omnipotenti
1410 806 1471 842 deo
1490 807 1589 842 tanti

256 887 426 912 excessus
459 876 601 911 veniam
638 888 718 912 cum
752 888 894 912 summa
920 876 1125 924 penitencia
1159 879 1192 911 et
1218 876 1386 912 lacrimis
1414 888 1583 913 exorare.

205 955 244 978 10
262 943 369 990 Quod
401 945 440 981 si
472 945 568 982 hanc
605 947 821 982 sentenciam
854 951 1017 982 nostram
1051 950 1083 982 te
1116 947 1391 994 cognoverimus
1424 947 1584 995 implesse

256 1017 458 1062 remissius,
479 1028 551 1052 non
577 1016 652 1052 iam
680 1020 822 1053 tantum
850 1017 1087 1062 iniusticiam,
1114 1017 1179 1052 sed
1201 1017 1467 1053 contumaciam
1481 1017 1581 1066 fra-

255 1087 438 1123 ternitatis
463 1090 520 1123 tue
545 1099 742 1136 cognoscas
771 1087 831 1123 deo
858 1087 1006 1123 iuvante
1034 1087 1193 1122 severius
1210 1084 1464 1134 puniendam‚'
1494 1087 1583 1135 quia

255 1169 354 1193 nemo
383 1161 601 1206 prepostere,
639 1155 797 1194 scilicet2
836 1169 906 1193 non
944 1157 1177 1193 commonitus
1216 1158 1275 1193 vel
1308 1158 1494 1194 convictus
1530 1161 1585 1194 est

35 1236 82 1267 47
99 1244 129 1266 o.
254 1227 485 1270 iudicandus.
541 1227 592 1265 Et
625 1228 655 1264 si
689 1239 790 1276 papa
821 1227 1036 1276 prudenter,
1074 1233 1358 1276 perseveranter
1394 1226 1412 1246 ‘¹‘
1448 1234 1485 1265 et
1518 1228 1576 1264 in·
1589 1229 1843 1296 {gtefflquffieivgtege

200 1310 238 1343 15
256 1296 471 1335 differenter
493 1304 722 1335 scrutaretur
742 1297 832 1334 illud
855 1303 1057 1346 peccatum
1077 1298 1464 1335 excomunicaneium
1491 1311 1576 1347 pre·
1591 1297 1792 1362 ssggrssffiegljg

255 1368 469 1417 positorum
499 1368 539 1404 in
566 1367 718 1417 Anglia,
740 1367 798 1405 vel
827 1379 964 1404 omnes
987 1367 1045 1404 vel
1073 1368 1196 1405 maior
1222 1380 1310 1417 pars
1338 1368 1575 1406 ordinarium
1587 1365 1819 1430 ξζξξζζζξὲἑξῡῖ

1590 1430 1683 1456 would
1697 1431 1767 1457 have
1780 1438 1810 1459 to
1823 1433 1857 1459 be

252 1438 426 1475 iudicum
446 1438 541 1475 foret
567 1451 636 1487 per
654 1444 803 1475 tantum
830 1437 1014 1486 temporis
1044 1444 1081 1475 et
1105 1439 1267 1487 amplius
1295 1439 1576 1488 suspendenda.
1591 1465 1760 1496 suspended·

254 1507 357 1545 Cum
384 1508 498 1556 igitur
530 1520 633 1557 papa
664 1513 701 1545 et
729 1509 891 1546 vicarius
922 1510 1002 1546 eius
1036 1508 1075 1545 in
1099 1508 1171 1546 hac
1201 1515 1309 1557 parte
1339 1508 1510 1555 defuerit,
1540 1515 1577 1547 et
1591 1523 1791 1563 Owinggothe

255 1585 411 1627 propter
442 1578 725 1627 longitudinem
756 1579 897 1616 itineris
931 1585 967 1616 et
999 1579 1146 1616 viarum
1176 1585 1213 1616 et
1246 1579 1465 1616 discrimina
1496 1592 1577 1617 non
1590 1559 1857 1649 ξςιῖῗξᾎέἑῖᾮὲξεέὴε

198 1668 239 1690 20
253 1649 343 1686 assit
371 1649 540 1686 efficacia
569 1648 832 1698 querulandiss,
855 1649 903 1686 ad
931 1661 1064 1698 regern
1089 1650 1253 1698 pertinet
1284 1650 1448 1698 spoliare
1474 1656 1512 1688 et
1538 1651 1577 1687 in
1622 1626 1783 1658 lnngUty'

250 1731 342 1757 casu
373 1720 614 1768 proscribere
649 1719 743 1757 tales
776 1719 979 1757 hereticos.
1047 1719 1111 1756 Ab
1143 1720 1215 1757 isto
1249 1720 1364 1769 igitur
1401 1720 1578 1769 originali

250 1796 287 1827 et
316 1790 583 1839 periculosiori
607 1797 769 1840 peccato
798 1791 938 1828 debent
959 1803 1077 1840 regna
1098 1791 1275 1840 incipere,
1295 1798 1333 1829 et
1358 1804 1438 1829 non
1458 1792 1578 1829 instar

249 1860 474 1898 carnificum
490 1867 758 1909 tyrrannorum
774 1861 966 1910 simplices
987 1868 1142 1910 propter
1160 1861 1308 1898 lucrum
1328 1862 1573 1900 sacerdotum
1587 1873 1803 1906 Imprisonment
1816 1875 1839 1901 is

252 1929 347 1967 Baal
360 1931 502 1968 carceri
515 1931 749 1980 mancipare.
778 1929 886 1969 Licet
899 1937 1028 1968 autem
1043 1932 1257 1980 ymaginari
1270 1938 1400 1980 posset
1412 1944 1523 1970 casus
1535 1933 1575 1969 in
1587 1907 1723 1975 Ϊ-ἶξὲἷῖζῗ
1734 1909 1809 1942 g⁰⁰d

195 2015 234 2048 25
250 2013 328 2051 quo
344 2001 439 2039 foret
459 2002 700 2039 meritorium
720 2001 839 2051 wlgus
860 2001 966 2039 aliter
978 2002 1236 2051 incorrigibile
1257 2002 1393 2051 punire
1409 2015 1573 2050 carcere,

248 2084 336 2109 raro
359 2078 490 2109 tamen
517 2072 576 2109 vel
604 2084 805 2121 nunquam
829 2072 967 2110 accidit
993 2072 1088 2121 quin
1116 2072 1221 2109 aliud
1247 2072 1575 2111 medicamentum

246 2141 343 2179 foret
362 2153 484 2190 regno
504 2141 652 2179 facilius
672 2148 710 2179 et
731 2141 780 2179 ad
800 2142 1044 2191 contagionis
1072 2142 1285 2179 remedium
1305 2142 1390 2192 plus
1411 2143 1573 2182 salubre.

30 2215 71 2246 0.
245 2212 336 2258 Ista,
365 2212 534 2261 inquam,
563 2212 773 2250 herodiana
797 2213 1055 2250 incarceracio
1078 2212 1155 2250 sive
1179 2212 1355 2259 Cesarea,
1384 2220 1571 2262 quantum
1585 2224 1612 2250 1t
1624 2225 1675 2253 has
1687 2230 1737 2264 pot
1751 2226 1797 2252 the

244 2282 405 2319 occurrit
442 2282 547 2329 mihi,
588 2294 670 2320 non
707 2283 822 2320 habet
865 2282 1212 2320 comendacionem
1250 2283 1484 2326 autenticam
1522 2296 1570 2321 ex
1582 2259 1773 2324 {3333fo

190 2364 231 2396 30
244 2352 437 2400 scriptura.
496 2352 619 2389 Ideo4
643 2352 790 2390 videtur
818 2353 947 2390 multis
974 2352 1078 2401 quod
1102 2365 1168 2390 rex
1194 2353 1429 2391 auctorisans
1456 2354 1568 2391 istam
1581 2365 1643 2392 The
1658 2365 1736 2399 King

1581 2399 1739 2425 authorizes
1754 2399 1776 2425 it
1788 2405 1817 2425 at

244 2434 387 2471 penam
424 2422 464 2459 in
503 2422 700 2471 religiosis,
740 2429 866 2471 preter
903 2422 977 2460 hoc
1016 2422 1122 2472 quod
1160 2422 1287 2460 sciunt
1324 2423 1484 2461 fundare
1521 2436 1568 2461 ex
1583 2432 1702 2492 {gglrisk
1715 2432 1800 2459 oshis

245 2492 430 2540 scriptura
462 2492 518 2528 ve]
552 2492 696 2537 ordine,
727 2492 923 2541 periculo⁵
957 2493 1084 2530 anime
1117 2493 1326 2541 irreligiose
1357 2500 1394 2531 et
1428 2500 1570 2532 temere

245 2573 285 2599 se
315 2562 483 2611 exponit.
542 2562 644 2599 Cum
670 2562 772 2599 enim
796 2561 857 2599 lex
884 2561 1000 2599 Cristi
1024 2575 1092 2611 per
1119 2574 1157 2600 se
1185 2563 1320 2600 sufficit
1347 2563 1395 2600 ad
1415 2576 1568 2613 correp·
1581 2567 1849 2629 ἓὶὲῑξνέκῖλΐοξξξὶεῑ

288 2669 299 2687 ¹
324 2670 480 2709 Cessatis,
504 2679 538 2709 A,
564 2678 605 2709 B;
640 2671 773 2702 cassatis
801 2681 841 2702 ex
867 2672 994 2702 Decret.
1017 2681 1099 2703 corr.
1123 2671 1209 2703 Edd.
1342 2671 1355 2689 ²
1377 2672 1445 2711 sed,
1470 2680 1506 2711 A,
1529 2680 1570 2709 B;

244 2721 369 2752 scilicet
384 2732 424 2752 ex
448 2722 577 2753 Decret.
593 2732 677 2753 corr.
694 2722 780 2753 Edd.
895 2724 907 2741 ³
930 2722 1129 2763 querelandi,
1146 2731 1176 2754 Β.
1298 2722 1309 2740 ⁴
1334 2723 1402 2756 Hic
1418 2728 1508 2763 nota,
1532 2724 1570 2756 in

245 2783 350 2812 marg.
368 2781 402 2804 A.
491 2773 503 2790 ⁵
527 2773 578 2804 vel
594 2778 670 2804 ante
686 2773 830 2814 periculo
846 2773 917 2805 add.
935 2781 967 2805 A.
