2051 3299
172 297 187 323 1
202 295 216 322 1
227 284 251 322 6
877 292 940 322 DE
974 291 1165 324 OFFICIO
1197 291 1355 324 REG1s.

448 403 504 435 est
533 397 579 434 de
604 397 881 434 tradicionibus
911 409 1025 447 supra
1053 397 1191 434 additis
1219 397 1295 446 legi
1324 397 1395 434 dei.
1454 396 1557 434 Sicut
1586 396 1690 435 enim
1717 409 1778 434 ca-

446 469 535 506 ritas
574 470 741 506 increata
778 474 833 506 est
865 469 926 506 lex
961 469 1246 515 comunissima,
1279 469 1332 506 sic
1368 468 1530 506 caritas¹
1562 475 1689 506 creata
1722 475 1779 505 est

444 540 505 576 lex
534 546 660 577 creata
685 540 994 586 eminentissima,
1020 540 1168 577 dicente
1195 539 1373 589 apostolo
1398 546 1439 576 Ia
1454 539 1542 577 Cor.
1563 552 1620 587 13,
1643 539 1806 575 Adhucl
1827 539 1901 571 Cor·
1918 539 1972 570 xii.

441 610 565 647 vobz's2
585 611 874 648 excellenciorem
898 612 997 648 viam
1020 611 1280 647 demonsfrabo.
1336 609 1439 647 Nam
1460 610 1532 646 alie
1558 610 1662 658 leges
1687 622 1779 658 que·
1793 592 1821 622 δ’

443 693 607 730 cumque
629 693 709 718 non
729 681 853 718 valent
876 682 949 719 nisi
970 682 1016 718 de
1038 687 1183 731 quanto
1207 681 1465 730 preparatorie
1486 687 1573 718 sunt
1593 680 1641 718 ad
1662 681 1777 726 illam,
1792 689 1809 721 5

444 752 483 788 in
521 758 670 789 tantum
710 752 816 802 quod
855 753 886 789 si
924 753 1004 789 sine
1043 753 1261 790 cerimoniis
1300 752 1357 789 vel
1403 752 1582 789 humanis
1628 752 1779 801 legibus

444 823 696 872 superadditis
731 836 830 873 eque
863 823 1029 873 perfecte
1065 824 1290 872 diligentur3
1325 824 1419 861 deus
1454 830 1490 861 et
1523 824 1723 872 proximus
1758 835 1780 860 a

165 895 408 928 ObviOUSlyifwe
445 907 690 944 quocumque
730 895 826 932 sicut
864 907 952 932 cum
991 895 1177 944 quotlibet
1215 895 1434 932 cerimoniis
1467 907 1489 931 a
1522 895 1662 931 vicario
1700 894 1781 931 eius

164 938 216 955 can
229 929 319 955 attain
334 929 381 955 the

164 963 432 1022 {jfffoffissggffioe
444 966 643 1015 impositis,
673 972 765 1003 tunc
794 967 929 1003 ceteris
959 966 1116 1015 paribus
1144 966 1286 1003 habet4
1312 965 1471 1003 dileccio
1503 965 1598 1016 petri
1612 966 1636 1011 ⁵,
1667 964 1781 1002 Cristi

164 1031 250 1056 forms
263 1040 294 1056 as
307 1031 375 1056 with

164 1065 250 1095 them,
260 1064 280 1089 it
288 1064 310 1089 is
319 1065 432 1096 simpler

162 1098 415 1158 ssvffffhgffitssssgfflo
445 1108 581 1145 mediis
615 1114 693 1145 tam
732 1107 943 1157 perfectum
982 1109 1099 1146 finem
1139 1109 1340 1157 attingeret
1378 1108 1465 1157 plus
1503 1108 1625 1144 unice.
1694 1106 1779 1144 Nec

445 1037 630 1086 discipuli,
670 1037 927 1074 eminenciam
966 1037 1231 1086 perfeccionis,
1266 1037 1357 1086 quia
1400 1049 1490 1074 cum
1536 1036 1779 1085 paucioribus
1795 1050 1836 1071 10

446 1180 603 1216 dubium
639 1180 731 1228 quin
768 1180 979 1229 contingit6
1011 1187 1203 1217 servantes
1237 1181 1353 1217 vitam
1388 1180 1650 1229 apostolorum
1684 1190 1779 1228 pure
1793 1186 1840 1215 Y.

444 1252 524 1287 sine
545 1250 675 1288 ritibus
696 1251 949 1299 superadditis
967 1251 1090 1289 vivere
1119 1258 1199 1288 tam
1228 1258 1318 1297 arte,
1340 1257 1419 1287 tam
1448 1250 1625 1300 perfecte,
1650 1255 1687 1287 et
1712 1262 1783 1286 un-

445 1323 559 1371 dique
593 1328 672 1359 tam
707 1321 894 1371 religiose,
926 1323 1022 1359 sicut
1052 1335 1239 1372 umquam
1268 1323 1444 1359 vixerunt
1474 1322 1638 1370 religiosi
1671 1321 1783 1370 primi

445 1394 624 1431 ordinum
646 1393 892 1442 privatorum.
950 1394 1045 1431 Ideo
1070 1395 1108 1430 in
1135 1394 1248 1431 nobis
1275 1393 1508 1430 secularibus
1533 1405 1612 1430 non
1637 1398 1692 1430 est
1717 1392 1781 1429 de·
1798 1408 1835 1440 15

445 1465 567 1502 fectus
602 1472 730 1502 nostre
762 1465 891 1514 regule
923 1465 1067 1502 ordinis
1102 1466 1178 1502 sive
1212 1472 1341 1511 status,
1375 1465 1443 1501 sed
1477 1472 1579 1501 totus
1611 1463 1783 1500 defectus

167 1547 193 1572 It
208 1547 229 1606 ῖς
243 1546 404 1606 {mpostsssblte
446 1544 501 1573 est
521 1537 559 1573 in
580 1537 806 1574 remissione
827 1536 885 1573 vel
907 1536 1058 1573 defectu
1085 1536 1332 1573 observancie
1354 1536 1474 1573 nostri
1496 1541 1624 1572 status.
1683 1534 1782 1581 Quis

166 1587 195 1606 to
228 1590 241 1606 e
255 1590 314 1606 reve
361 1590 377 1606 a

164 1614 432 1646 lawsorareligion
446 1608 549 1645 enirn
582 1607 753 1645 crederet
784 1607 889 1656 quod
924 1607 1028 1656 leges
1058 1607 1116 1644 vel
1151 1607 1281 1656 religio
1313 1607 1528 1644 introducte
1560 1606 1782 1643 humanitus

165 1649 197 1673 of
206 1649 309 1673 human
324 1648 408 1673 intro-

165 1681 432 1748 {ffffssss‘iigicfflgfficffss
446 1679 694 1717 excellerent⁷
714 1678 939 1727 religionem
964 1679 1217 1727 apostolicam
1238 1679 1295 1716 vel
1315 1678 1440 1727 legem
1463 1678 1574 1716 Cristi
1595 1691 1664 1727 per
1684 1679 1783 1716 hanc

166 1750 399 1809 gffgtflssffistthe
446 1751 683 1787 evidenciam
718 1749 825 1799 quod
859 1749 951 1786 illud
985 1750 1273 1798 superadditum
1308 1762 1396 1787 cum
1431 1750 1516 1799 lege
1551 1749 1663 1787 Cristi
1697 1762 1782 1799 pre·
1799 1765 1840 1786 20

446 1822 644 1871 supposita
688 1821 930 1858 constitueret
973 1833 1093 1857 unum
1134 1821 1276 1870 aliquid
1311 1821 1395 1870 plus
1430 1821 1669 1870 perfectum?
1738 1821 1784 1857 In

444 1901 549 1930 tanta
579 1893 682 1930 enim
713 1905 895 1929 mensura
927 1892 1036 1929 datur
1065 1892 1126 1929 lex
1155 1893 1387 1942 ewangelica
1414 1893 1521 1942 quod
1545 1893 1669 1942 ipsam
1697 1905 1784 1941 per-

445 1965 577 2002 ficiens
606 1977 687 2001 non
718 1963 868 2000 deficiet
899 1965 947 2000 ab
982 1963 1238 2012 inspiracione
1271 1965 1392 2001 sancti
1430 1964 1598 2013 Spiritus,
1634 1976 1708 2013 que
1745 1970 1785 2000 ut

445 2033 670 2089 epi[ei]keia
700 2035 813 2072 ducet
844 2034 1072 2083 discipulum
1104 2035 1141 2071 in
1172 2036 1320 2072 actibus
1350 2035 1641 2084 particularibus
1668 2035 1783 2085 longe

445 2107 657 2157 perfeccius
687 2118 803 2155 quam
838 2105 968 2154 regula
1000 2106 1220 2143 humanitus
1253 2107 1467 2144 adinventa.
1524 2099 1646 2143 Aliter
1678 2107 1782 2144 enim
1800 2120 1837 2151 25

446 2176 730 2226 religiosiarche
769 2177 904 2213 dantes
943 2177 1017 2224 legi
1053 2176 1164 2213 Cristi
1199 2177 1312 2214 finale
1348 2178 1679 2227 complementum
1718 2190 1785 2214 ex-

167 2260 435 2293 Thismakesmany
448 2249 626 2287 cellerent
660 2249 787 2297 ipsum
821 2248 1043 2297 legiferum!
1103 2248 1196 2285 Ideo
1229 2248 1376 2285 videtur
1414 2249 1542 2286 multis
1575 2249 1681 2298 quod
1716 2248 1787 2297 ipsi

168 2295 372 2388 ξ’ἶέηὲἱςῖἒῑοῗ
393 2362 410 2387 d
447 2320 669 2357 fundatores
696 2319 932 2368 privatorum
960 2318 1139 2355 ordinum
1164 2331 1244 2356 non
1268 2319 1453 2357 dederunt
1480 2332 1621 2357 novam
1649 2320 1784 2369 legem,

168 2372 199 2388 ΟΓ
221 2372 263 2388 erS
277 2371 303 2387 ln
320 2371 352 2387 el]
376 2371 390 2387 e

168 2396 411 2455 ξξοῗῑςῑὲῗῇροεὶ-
449 2391 516 2428 sed
554 2397 816 2440 exposuerunt
854 2390 1118 2438 ewangelium,
1156 2402 1227 2427 nec
1262 2390 1482 2439 obligarunt
1517 2395 1785 2440 quoscumque

170 2464 390 2495 Gospehnotas
451 2474 540 2500 suos
572 2461 780 2510 discipulos
814 2461 862 2497 ad
899 2473 1006 2497 suam
1037 2466 1159 2498 totam
1188 2462 1371 2510 privatam
1406 2462 1589 2511 regulam,
1620 2462 1687 2498 sed
1715 2473 1783 2499 eos
1800 2483 1841 2512 30

170 2507 186 2523 a
200 2506 260 2522 new
274 2498 342 2527 law3
360 2496 416 2522 and

169 2530 428 2589 {Jffitnfflejgffigefsor
449 2534 514 2583 qui
540 2534 674 2570 utiliter
697 2538 867 2582 possunt,
889 2539 926 2569 et
947 2532 1088 2577 dicunt,
1110 2532 1211 2569 hanc
1236 2545 1397 2582 capere;
1429 2545 1519 2570 cum
1543 2533 1622 2569 aliis
1649 2539 1780 2570 autem

169 2599 206 2623 all
220 2597 292 2623 their
304 2598 408 2622 follow-

170 2641 222 2661 ers,
238 2632 286 2656 but
302 2632 344 2656 for
357 2631 436 2656 those

170 2666 233 2690 who
241 2674 291 2690 can
303 2674 351 2690 use
361 2665 437 2690 them

171 2699 236 2724 with
252 2699 341 2730 profit.

450 2604 692 2654 dispensacio
713 2610 770 2640 est
789 2603 886 2640 adeo
907 2603 1059 2649 credita,
1083 2603 1172 2653 quia
1197 2603 1304 2641 aliter
1329 2615 1407 2640 non
1433 2611 1680 2641 excusaretur
1706 2604 1784 2641 dis-

494 2734 503 2751 ¹
528 2732 793 2764 communissima
811 2758 817 2764 .
837 2758 845 2764 .
865 2758 871 2764 .
889 2733 1007 2764 caritas
1024 2733 1061 2763 in
1079 2743 1182 2773 marg.
1200 2733 1244 2763 al.
1259 2743 1375 2770 manu,
1390 2741 1418 2762 Β.
1518 2732 1530 2749 ²
1552 2743 1620 2764 exe.
1636 2733 1739 2770 vobis,
1756 2741 1786 2772 Β,

450 2785 461 2801 ³
486 2785 688 2825 diligeretur,
707 2793 736 2815 B.
848 2784 859 2802 4
884 2785 1017 2816 haberet
1034 2790 1098 2825 pro
1122 2785 1221 2815 habet
1240 2785 1277 2815 ’ἰπὶ
1302 2795 1420 2824 marg„
1438 2792 1472 2815 Λ.
1587 2784 1598 2801 ⁵
1624 2795 1701 2825 pure
1719 2789 1784 2825 pro

449 2838 542 2878 petri,
560 2845 590 2868 Β.
680 2838 692 2856 ⁶
715 2837 863 2877 contigit,
876 2844 909 2868 A.
999 2836 1011 2854 ⁷
1034 2836 1216 2873 excelleret,
1232 2845 1274 2874 Λ;
1300 2841 1375 2868 text.
1389 2836 1605 2875 excellerent;
1630 2837 1667 2867 in
1679 2847 1785 2877 marg.

454 2889 652 2929 excederent,
669 2890 713 2920 al.
731 2899 845 2928 mmm,
866 2897 893 2920 Β.
