2051 3299
678 201 741 232 DE
774 202 966 234 OFFICIO
999 202 1153 233 REGIS.
1787 203 1866 241 149

262 305 463 354 quomodo
483 306 623 355 incepit
643 313 815 356 tempore
836 307 930 356 legis
950 307 1047 344 date.
1105 306 1211 343 Patet
1238 306 1359 343 eciam
1387 305 1586 355 quomodo

261 376 370 412 multi
408 376 520 413 hodie
560 375 675 414 sunt¹
710 377 816 415 nudo
850 378 1006 416 nomine
1038 377 1164 414 clerici
1202 389 1290 414 cum
1321 377 1397 414 vita
1429 382 1466 413 et
1499 387 1586 425 pro-

49 446 94 475 32
111 455 139 477 0-
260 448 416 496 prietate
445 449 701 497 possessionis
731 456 818 486 sunt
852 449 949 493 laici,
971 448 988 468 *
1011 456 1047 486 et
1085 449 1155 485 ista
1184 448 1383 497 duplicitas
1418 448 1584 484 creditur

45 529 237 570 Augustum,
260 519 493 556 confundere
514 526 676 557 matrem
700 526 881 557 nostram.
921 519 1061 557 Tercio
1082 519 1299 568 intelligitur
1320 519 1464 556 dictum
1484 519 1583 555 beati
1598 525 1627 552 S.
1642 525 1809 558 Augustine.

45 573 156 603 Enarr.
175 573 208 603 in

43 616 94 647 Ps.
113 616 202 646 lxvii.

46 667 86 699 14
98 659 144 690 ad
155 669 224 690 sen·
258 660 371 696 cleros
380 667 499 709 penne
517 661 672 698 columbe
691 662 919 710 deargentate
937 665 1085 697 etcetera
1098 659 1121 697 ².
1182 659 1215 698 C
1216 661 1318 705 leros,
1335 660 1468 709 inquit,
1478 674 1585 709 grece

42 713 127 733 'mm‘
258 743 339 767 sors
369 732 517 776 dicitur,
555 736 589 768 et
623 736 735 769 sortes
763 745 814 769 ex
843 732 1087 780 promissione
1124 732 1184 767 dei
1208 735 1339 780 partes
1376 731 1585 768 hereditatis

259 806 445 848 vocantur,
471 815 537 850 que
562 807 655 839 sorte
683 806 771 839 sunt
791 803 924 851 populo
954 802 1153 839 distribute.
1214 802 1317 839 Unde
1342 803 1462 839 tribus
1489 802 1589 838 Levi

40 875 121 906 Pol.
135 875 202 905 145
213 876 247 904 b.
255 877 422 921 precepta
451 876 504 909 est
527 886 598 909 non
631 873 758 909 habere
783 878 911 909 sortem
939 874 1034 909 inter
1059 871 1077 891 ’¹‘
1096 873 1250 921 fratres
1278 886 1372 917 suos,
1400 871 1464 909 sed
1489 874 1588 921 quod

41 946 166 995 Nina-nb.
257 955 379 979 eorum
400 943 544 979 decimis
562 947 787 980 sustentetur.
841 942 947 980 lVam
967 947 1001 979 et
1016 943 1163 979 clericos
1177 943 1263 979 lzinc
1283 942 1479 991 appellatos
1490 948 1582 991 puto

43 1000 132 1021 XVlll.
152 998 201 1020 20.

258 588 464 638 Augustini
496 602 609 639 super
634 590 698 628 illo
729 590 867 639 psalmi
886 590 998 626 lxvii:
1030 589 1081 627 Si
1105 590 1299 626 dormiatis
1328 590 1422 626 inter
1452 590 1584 626 medios

256 1014 324 1060 qui
346 1018 434 1049 sunt
468 1015 507 1050 in
544 1015 778 1050 ecclesiastici
800 1015 1000 1051 ministerii
1017 1014 1202 1062 gradibus
1230 1015 1404 1051 ordinati.
1478 1015 1583 1052 Unde

254 1083 430 1121 Mathz‘as
457 1089 551 1121 sorte
573 1086 699 1122 electus
727 1089 787 1129 est,
815 1098 916 1133 quem
935 1086 1104 1133 primum
1125 1091 1197 1133 per
1223 1086 1401 1133 apostolos
1427 1086 1582 1134 legimus

39 1159 122 1190 Acts
137 1158 158 1190 i.
178 1157 228 1190 26.
256 1155 477 1192 ordinatum.
534 1155 649 1193 Unde
679 1155 769 1204 quia
800 1168 869 1204 pro
891 1155 1062 1192 secundo
1083 1162 1311 1193 testamento
1338 1156 1447 1192 datur
1473 1155 1580 1193 here-

256 1224 365 1271 ditas,
387 1226 495 1275 quasi
522 1237 605 1263 sors
626 1238 760 1263 eorum
791 1226 857 1275 qui
885 1226 940 1263 eis
959 1226 1148 1263 voluerint
1177 1226 1358 1263 adherere
1386 1226 1581 1275 signanter

205 1311 243 1343 15
257 1296 391 1334 dicitur
410 1296 529 1334 modo
548 1297 731 1346 loquendi
752 1295 978 1334 Grecorum.
1036 1296 1072 1335 O
1094 1309 1160 1334 vos
1190 1297 1317 1334 clerici
1344 1297 1409 1347 qui
1436 1297 1581 1335 debetis

254 1379 337 1404 esse
359 1374 477 1416 penne
508 1368 665 1405 columbe
687 1369 928 1416 deargentate,
950 1368 980 1405 si
1009 1367 1148 1417 sopiti3
1169 1368 1248 1405 sitis
1269 1368 1377 1417 quasi
1397 1368 1436 1405 in
1461 1369 1581 1405 extasi

253 1439 479 1476 auctoritate
524 1439 686 1488 duplicis
724 1439 953 1484 testamenti,
992 1445 1029 1475 et
1076 1439 1288 1487 posteriora
1335 1438 1436 1476 dorsi
1484 1439 1581 1477 illius

253 1509 434 1547 columbe
454 1510 623 1547 radicata
642 1510 780 1547 suerint
811 1510 850 1546 in
880 1509 1011 1558 palore
1032 1509 1112 1545 auri
1141 1517 1179 1546 et
1207 1509 1247 1546 in
1268 1509 1460 1546 caritativa
1481 1511 1581 1559 sapi-

253 1581 371 1626 encia,
408 1580 499 1617 dum
531 1587 644 1629 caput
676 1580 846 1626 ecclesie,
878 1580 944 1629 qui
976 1587 1032 1617 est
1062 1580 1181 1618 homo
1214 1581 1372 1627 celestis,
1403 1581 1581 1618 discernit

203 1658 243 1681 20
257 1651 353 1688 viros
380 1652 633 1700 ewangelicos
665 1651 774 1700 quasi
805 1663 914 1699 reges
944 1663 1057 1699 super
1086 1651 1376 1689 edificacionem
1405 1652 1577 1696 ecclesie,

253 1729 343 1760 tunc
363 1722 494 1759 fideles
524 1723 606 1759 nive
633 1722 896 1758 dealbabuntur
916 1723 954 1758 in
982 1726 1097 1758 monte
1125 1721 1282 1767 Selmon,
1305 1723 1401 1760 sicut
1421 1723 1581 1771 contigit

255 1793 388 1842 spiritu
423 1800 558 1831 sancto
585 1793 715 1830 misso.
770 1792 832 1829 Ex
867 1792 946 1829 istis
978 1793 1104 1841 primo
1133 1793 1334 1842 colligitur,
1365 1794 1694 1862 secundum(1351lesst
1706 1805 1752 1855 ἔξ
1762 1797 1859 1862 {5132}

1820 1851 1836 1863 ὗ

251 1865 346 1903 istos
376 1872 451 1903 tres
479 1871 633 1902 sanctos
656 1864 834 1901 doctores
864 1863 1002 1912 lingwe
1033 1870 1069 1900 et
1099 1875 1235 1901 sensus
1265 1865 1449 1914 scripture
1480 1866 1576 1914 peri·
1589 1872 1637 1922 ¹52}
1634 1863 1857 1929 Πῗῑῇξὲῃξῗέξξζξ

251 1937 429 1981 tissimos‚
448 1936 554 1985 quod
574 1936 701 1973 clerici
721 1942 903 1984 ceperunt
918 1947 988 1983 per
1008 1934 1236 1972 divisionem
1257 1936 1576 1985 speculativorum
1588 1930 1829 1990 gggnagssxg-tithes

196 2017 271 2049 253.
308 2007 414 2044 laicis
451 2007 619 2044 viventes
658 2006 704 2043 de
743 2006 902 2043 decimis
939 2012 976 2043 et
1012 2006 1165 2055 privatis
1207 2007 1437 2054 elemosinis,
1470 2008 1576 2045 laicis

32 2068 163 2151 '1330‘3-
178 2076 213 2142 10·
249 2078 482 2116 secularibus
512 2077 682 2127 negociis
710 2077 1010 2123 intendentibus,
1033 2082 1075 2113 ut
1096 2077 1186 2114 dicit
1206 2077 1403 2115 decretum
1423 2078 1474 2115 xii
1496 2091 1531 2128 q.
1553 2078 1577 2116 i.

250 2149 357 2187 Patet
378 2149 548 2187 secundo
568 2148 767 2198 quomodo
791 2160 872 2185 non
901 2154 1052 2197 oportet
1081 2148 1186 2197 quod
1215 2149 1299 2197 quis
1329 2150 1376 2186 sit
1405 2149 1575 2195 clericus,
1588 2162 1626 2193 (ii)
1639 2162 1820 2222 Tigataman

1590 2205 1655 2228 may
1687 2205 1732 2222 ea

248 2220 335 2257 licet
356 2221 402 2257 sit
420 2220 684 2270 philosophus,
706 2219 881 2269 pontifex
902 2225 939 2256 et
960 2219 1150 2256 sacerdos.
1207 2219 1310 2256 Nam
1330 2219 1402 2258 Iob
1423 2220 1576 2269 gentilis
1588 2230 1805 2296 {fflss‘iss'pssffi’ss

246 2291 315 2328 fuit
353 2303 519 2340 magnus
557 2290 821 2340 philosophus,
856 2288 1131 2327 Mechisedech
1165 2303 1255 2328 vero
1293 2291 1361 2327 fuit
1398 2291 1574 2328 sacerdos
1588 2297 1814 2363 ffiissfgt'assiiehri'ft

193 2372 235 2404 30
250 2362 348 2400 Gen.
392 2373 451 2409 14,
485 2368 522 2399 et
559 2362 750 2411 principes
788 2360 906 2398 seculi
945 2367 1034 2397 sunt
1072 2361 1283 2409 pontifices,
1318 2367 1359 2398 ut
1399 2368 1501 2410 patet
1535 2361 1575 2399 in

33 2434 168 2470 Isidore,
248 2433 398 2470 duabus
429 2433 579 2482 legibus
612 2433 784 2482 superius
815 2431 997 2480 allegatis,
1021 2438 1058 2469 et
1085 2432 1218 2469 beatus
1239 2431 1429 2469 Ysidorus
1458 2432 1575 2469 tercio

31 2478 201 2553 Εὲξῗξζ,
250 2504 296 2543 de
317 2516 472 2542 summo
493 2505 599 2542 bono
619 2503 785 2552 capitulo
807 2515 855 2550 39
877 2502 976 2538 dedit
992 2502 1077 2539 deus
1088 2503 1325 2551 principibus
1342 2503 1574 2552 presulatum

30 2565 314 2624 111·‘²·X'‘³‘i'‘·pro
334 2576 508 2624 regimine
530 2575 764 2624 populorum.
820 2572 871 2609 Et
896 2578 1001 2621 patet
1030 2573 1158 2619 tercio,
1180 2572 1391 2610 secundum
1419 2573 1572 2622 exposi-
1585 2573 1739 2640 (ςῐῖὲζὲξῑὲῇἓ
1744 2573 1801 2632 133:

248 2646 401 2684 cionem
422 2646 589 2684 doctoris
608 2652 686 2682 tam
708 2643 789 2681 noti
809 2649 846 2681 et
861 2643 966 2689 tanti,
982 2642 1198 2692 Augustini,
1217 2650 1254 2681 et
1272 2643 1572 2681 concordancias
1584 2641 1788 2706 ‘Cvfflffifffssg
1797 2683 1828 2700 as

292 2743 301 2762 ¹
328 2744 450 2775 habent
465 2749 531 2785 pro
555 2749 639 2782 sunt,
657 2751 688 2773 Β.
777 2740 788 2757 ²
813 2745 889 2772 nota
913 2740 949 2771 in
974 2751 1097 2781 marg:
1120 2752 1226 2783 penne
1248 2741 1400 2773 columbe
1423 2741 1574 2773 dicuntur

247 2795 440 2835 sacerdotes,
459 2804 493 2826 Α.
581 2795 592 2813 ³
617 2794 750 2836 duplici,
769 2802 802 2824 A.
