2051 3299
203 186 283 228 272
905 183 968 214 DE
1002 181 1195 214 OFFICIO
1228 181 1384 213 REGIS.

480 289 595 326 morti
628 301 666 326 se
698 300 893 337 exponere
928 300 1016 325 cum
1056 299 1172 324 nemo
1211 287 1307 324 iuste
1347 292 1505 334 gwerrat
1539 285 1620 323 sine
1659 283 1806 322 iusticia

480 372 594 398 cause
617 358 635 378 ‘¹‘
658 371 729 408 pro
750 357 849 408 qua¹
870 358 1038 395 moriens
1058 358 1153 395 foret
1178 357 1318 395 martir.
1374 357 1434 394 Ex
1465 357 1545 394 istis
1569 355 1805 394 convincitur
1820 367 1865 397 55
1883 375 1912 397 ο,

479 430 584 481 quod
604 430 722 468 occisi
741 429 963 467 altrinsecus
989 430 1226 466 occumbunt
1255 427 1327 465 nisi
1356 428 1551 477 peniteant
1577 426 1806 464 detestando

480 501 662 539 martirio.
710 501 812 537 Item
832 500 1032 549 supposito
1053 499 1157 548 quod
1177 499 1354 547 princeps
1375 498 1566 535 exercitus
1586 497 1633 535 sit
1654 496 1806 534 aliunde

479 573 604 610 nunc²
620 572 699 609 sine
720 571 871 610 mortali
891 578 1018 620 preter
1033 570 1106 608 hoc
1123 571 1229 619 quod
1245 570 1397 607 affectat
1413 575 1562 607 tantum
1578 567 1805 612 dominium,
1822 581 1840 613 5

200 656 470 723 {ffin‘gffgi'naffssstsso
482 651 573 681 tunc
605 655 693 681 cum
726 643 784 680 ius
815 642 1085 680 hereditarium
1116 654 1184 690 per
1215 653 1254 678 se
1285 653 1365 678 non
1391 639 1540 685 sufficit,
1569 645 1673 689 patet
1702 638 1809 687 quod

200 724 436 784 ffifflihffloggd
483 720 634 764 oportet
672 714 799 762 ipsum
837 712 977 750 habere
1016 718 1193 749 sanctum
1240 711 1481 761 propositum
1527 710 1577 747 ad
1623 708 1810 759 populum

200 790 469 850 pgrsisshgggnsgifflns
484 790 741 834 conquestum
779 784 818 820 in
849 783 934 831 lege
973 782 1133 820 Domini
1172 783 1319 819 reccius
1367 781 1630 831 regulandum.
1710 779 1811 817 Cum

202 857 420 924 ζῃῃξξτξὲξζξγῑοῐ
433 865 468 882 21¹
482 857 594 905 igitur
624 854 717 891 illud
747 866 845 892 onus
877 854 1028 903 ignorat
1059 859 1305 902 conquestor,
1328 852 1475 889 videtur
1495 851 1600 901 quod
1619 850 1810 899 ambiguis

482 926 640 977 exponit
661 937 701 963 se
722 925 833 962 stulte
853 924 1020 974 periculo
1040 929 1077 961 et
1097 924 1148 961 sic
1169 929 1315 972 peccat.
1372 922 1497 959 Debet
1525 921 1629 959 enim
1655 921 1810 958 credere
1827 932 1867 956 10

482 997 589 1047 quod
619 996 791 1034 officium
822 995 915 1032 illud
945 1007 1025 1032 non
1058 994 1155 1032 foret
1184 994 1327 1031 licitum
1357 993 1429 1030 nisi
1460 992 1568 1030 Deus
1602 992 1729 1041 ipsum
1763 991 1813 1028 ad

482 1068 574 1106 illud
603 1068 769 1117 eligeret,
794 1066 899 1116 quod
932 1066 1096 1115 ignorat.
1168 1064 1268 1102 Item
1307 1064 1466 1114 quando
1495 1064 1698 1100 imminent
1736 1062 1813 1100 duo

485 1139 587 1176 bella
621 1150 787 1188 quorum
820 1144 1027 1186 utrumque
1067 1136 1279 1173 debilitaret
1308 1135 1484 1173 virtutem
1524 1134 1574 1172 ad
1612 1134 1813 1182 reliquum,

208 1210 628 1252 Foreverywarriorbellum
667 1210 796 1246 minus
834 1215 891 1246 est
930 1208 1087 1245 caucius
1134 1206 1460 1256 postponendum.
1536 1204 1612 1242 Sed
1659 1204 1814 1242 cuilibet

205 1253 312 1279 thereis
321 1253 472 1285 aspiritual

205 1287 438 1352 ffissfflgnnssciffin
485 1280 618 1318 viatori
637 1279 853 1329 gwerratim
874 1278 1178 1327 inseparabiliter
1198 1277 1441 1325 coniungitur
1462 1276 1605 1313 bellum
1622 1274 1811 1324 spirituale
1829 1283 1867 1316 15

207 1354 255 1380 the
268 1353 373 1386 bodily·
485 1353 524 1389 in
545 1351 726 1397 animam,
747 1350 900 1399 gravius
920 1361 965 1387 ac
981 1348 1229 1398 periculosius
1250 1347 1310 1384 in³
1325 1347 1513 1384 infinitum
1534 1358 1650 1395 quam
1671 1345 1814 1383 bellum

487 1422 669 1472 corporis.
725 1421 845 1470 Igitur
877 1433 967 1458 cum
999 1419 1091 1457 illud
1122 1419 1331 1468 aggravat4
1358 1419 1463 1468 prius
1495 1418 1637 1455 bellum
1668 1417 1816 1454 videtur

485 1494 592 1543 quod
631 1499 785 1542 propter
824 1491 1023 1528 vitandum
1070 1489 1284 1539 periculum
1331 1489 1457 1538 ipsum
1501 1489 1545 1525 sit
1584 1487 1815 1537 prudencius

485 1571 573 1614 post
604 1563 843 1613 ponendum.
901 1561 951 1599 Et
985 1561 1034 1598 ad
1067 1561 1180 1598 istum
1216 1572 1373 1597 sensum
1403 1566 1603 1609 exponunt
1637 1559 1815 1596 doctores

485 1635 578 1672 illud
599 1635 745 1672 dictum
767 1634 839 1671 Iob
862 1633 898 1670 xl
919 1632 1102 1669 flkmento
1123 1632 1208 1669 belli
1222 1635 1256 1668 et
1272 1643 1343 1668 non
1363 1631 1481 1667 addas
1500 1631 1694 1678 quicquam
1715 1630 1814 1666 ultra
1829 1626 1893 1668 J0b
1909 1625 1964 1656 xli·
1979 1625 2008 1658 8·

210 1719 328 1752 Foreign
342 1718 453 1744 nations
487 1707 596 1754 loqui.
653 1705 752 1742 Item
774 1716 842 1753 per
862 1716 901 1741 se
932 1710 1068 1741 notum
1101 1702 1214 1739 debet
1247 1714 1330 1739 esse
1362 1701 1463 1738 fideli
1494 1712 1611 1750 quem
1641 1700 1816 1749 alloquor

207 1753 389 1813 ῗξῗὲἐιῖᾱοῐῖὲῖ
401 1752 475 1811 {³13}st
488 1776 595 1826 quod
615 1788 693 1813 non
715 1776 800 1813 licet
822 1775 875 1812 sic
896 1773 1073 1811 invadere
1099 1773 1331 1822 alienigenas
1351 1772 1422 1808 nisi
1442 1777 1599 1820 propter
1618 1770 1817 1808 caritatem

207 1820 370 1847 conversion
384 1829 415 1845 or

207 1855 418 1887 improvement·
489 1847 708 1885 habendam
733 1846 782 1883 ad
812 1846 917 1894 ipsos
938 1844 995 1882 vel
1027 1850 1067 1881 ut
1100 1849 1370 1882 convertantur
1390 1843 1448 1879 vel
1479 1849 1520 1879 ut
1548 1842 1676 1878 minus
1705 1841 1817 1891 puni-

200 1930 300 1955 >Three
313 1928 406 1962 points
419 1927 451 1954 of
488 1926 610 1956 antur.
668 1917 743 1954 Sed
765 1917 947 1953 mirantur
975 1915 1106 1952 fideles
1136 1914 1183 1951 de
1213 1914 1458 1963 perversione
1488 1912 1631 1950 ordinis
1652 1911 1817 1949 caritatis

209 1964 398 1989 wonderment
412 1969 418 1987 :

210 1995 437 2056 Qgfflydtgeniont-
487 1990 525 2026 in
556 1989 689 2026 tribus.
747 1988 890 2033 Primo,
924 1998 1044 2035 quare
1078 1998 1157 2023 non
1190 1985 1316 2034 primo
1351 1989 1538 2032 temptant
1572 1995 1613 2020 se
1644 1983 1747 2032 ipsos
1779 1987 1816 2019 et
1831 1992 1871 2025 25

209 2063 294 2096 begin
308 2063 440 2089 athome.
487 2066 641 2109 gentem
674 2070 784 2096 suam
818 2057 1006 2106 corripere
1037 2068 1125 2094 cum
1157 2055 1301 2093 inimici
1337 2054 1566 2092 crudeliores
1598 2053 1817 2090 hominibus
1831 2051 1879 2081 N·

489 2137 577 2167 sunt
605 2130 759 2178 ipsimet
778 2134 814 2165 et
835 2128 892 2165 sui
914 2126 1113 2165 domestici
1142 2138 1276 2164 eorum
1306 2124 1478 2162 dominio
1497 2130 1534 2161 et
1548 2124 1560 2143 ⁵
1582 2123 1816 2161 correccioni
1829 2128 1875 2158 55
1892 2127 1927 2158 d.

210 2226 233 2242 2.
244 2216 304 2242 Use
321 2216 429 2253 better·
490 2200 576 2250 plus
597 2200 684 2249 apti.
745 2198 935 2245 Secundo,
959 2209 1076 2247 quare
1098 2209 1175 2235 non
1196 2195 1409 2245 procedunt
1438 2202 1478 2232 ut
1498 2194 1564 2231 viri
1596 2193 1817 2243 ewangelici

210 2249 445 2309 {nnecisrisforthffl
492 2270 759 2320 corripiendo6
779 2282 846 2307 eos
871 2269 1000 2306 medio
1029 2267 1186 2317 apciori.
1244 2265 1366 2317 (Nam
1395 2265 1566 2310 facimus,
1587 2264 1818 2302 caritativius

489 2349 527 2380 et
559 2341 766 2379 allectivius
797 2340 894 2378 foret
925 2339 979 2377 eis
1013 2339 1190 2375 iniuriam
1222 2344 1341 2375 totam
1374 2342 1411 2374 et
1444 2335 1728 2373 restitucionem
1758 2347 1814 2372 re·
1831 2347 1873 2380 30

490 2413 638 2449 mittere
670 2423 788 2460 quam
821 2409 1105 2447 restitucionem
1138 2415 1215 2445 tam
1240 2407 1419 2456 ambigue
1441 2418 1561 2455 usque
1583 2405 1631 2442 ad
1652 2411 1817 2442 mortem

491 2484 654 2532 exigere.
726 2482 827 2519 Illud
864 2493 955 2530 ergo
994 2479 1271 2529 augmentum⁷
1302 2477 1468 2515 caritatis
1507 2476 1673 2526 prevalet
1711 2476 1817 2513 omni

492 2553 694 2603 temporali
715 2552 887 2590 dominio
908 2551 1014 2601 quod
1043 2556 1200 2600 propter
1229 2548 1476 2598 cupiditatem
1505 2553 1646 2584 temere
1675 2552 1817 2596 preter·

534 2668 546 2685 ¹
570 2678 632 2709 que
648 2672 712 2708 pro
736 2677 810 2707 qua,
827 2674 861 2698 A.
985 2664 997 2682 ²
1020 2664 1153 2696 aliunde
1176 2673 1271 2702 nunc,
1288 2662 1355 2694 ord.
1374 2662 1443 2693 inv.
1462 2669 1492 2691 B.
1609 2659 1621 2676 ³
1644 2660 1688 2697 in,
1705 2670 1765 2691 om.
1782 2667 1816 2691 A.

491 2720 502 2737 ‘¹
520 2723 718 2760 aggravatur
727 2724 792 2759 pro
808 2722 977 2759 aggravat,
995 2725 1027 2748 Α.
1118 2716 1129 2733 ⁵
1146 2716 1282 2746 domino
1291 2719 1355 2755 pro
1373 2714 1521 2744 dominio
1539 2717 1581 2751 et,
1598 2720 1631 2743 A.
1721 2710 1732 2728 ⁶
1747 2721 1816 2743 cor-

493 2772 629 2812 rigendo
646 2776 709 2812 pro
726 2769 941 2810 corripiend0‚
960 2777 990 2800 B.
1091 2767 1103 2785 ⁷
1127 2772 1359 2807 augumentum
1377 2771 1440 2807 pro
1457 2768 1677 2806 augmentum,
1694 2771 1728 2794 A.
