2051 3299
79 664 162 695 Acts
178 673 208 694 v.

718 193 784 224 DE
817 192 1011 225 OFFICIO
1043 191 1196 223 REGIS.

293 307 508 358 superiores
528 306 564 343 in
586 305 862 344 conventiculis
883 303 1100 341 huiusmodi
1120 314 1191 352 pro
1211 301 1302 351 ipsis
1318 301 1493 339 fovendis
1508 312 1618 337 man-

293 379 424 416 dando
458 377 645 415 mandent
677 382 813 413 contra
845 375 956 412 istam
992 374 1107 411 Cristi
1141 372 1391 418 sentenciam,
1421 384 1499 421 qua
1530 383 1618 421 pur-

292 455 447 498 garetur
475 453 598 484 mater
627 453 769 491 nostra,
798 445 856 483 vel
885 444 1062 481 invehere
1091 443 1149 481 vel
1179 450 1316 480 tacere.
1375 442 1451 480 Sed
1480 440 1619 479 nimisl

292 519 500 568 irreligiose
524 518 682 555 summis
707 516 967 555 sacerdotibus
995 514 1115 552 simile
1136 514 1434 564 precipientibus
1459 525 1619 562 respon-

262 590 428 632 5derunt
466 588 631 638 apostoli
670 588 775 638 quod
813 586 968 624 obedire
1007 583 1111 623 deo²
1149 591 1301 634 oportet
1339 584 1461 633 magis
1501 596 1619 634 quam

295 661 528 705 hominibus,
561 666 601 697 ut
630 665 732 708 patet
756 659 843 696 Act.
877 671 908 695 v.
965 657 1068 694 Ymo
1098 656 1127 694 si
1156 657 1264 694 iurati
1294 662 1382 693 sunt
1411 656 1622 705 specialiter

296 744 456 769 romane
498 731 670 776 ecclesie,
709 735 888 767 tenentur
932 729 1069 766 virtute
1112 727 1316 765 iuramenti
1359 727 1506 776 prestiti
1551 727 1622 764 sibi

296 802 507 852 specialiter
530 801 591 838 hic
618 808 760 850 optare,
782 807 818 837 et
844 800 1036 849 principes
1063 798 1207 836 debent
1231 799 1327 836 scire
1354 798 1460 847 quod
1485 797 1623 835 mora³

296 874 335 910 in
355 874 427 911 isto
447 873 549 910 facto
569 872 713 909 nedum
734 871 928 920 perturbat
948 882 1068 920 regna
1090 876 1126 907 et
1148 869 1361 919 specialiter
1381 869 1485 919 ipsos
1505 869 1623 906 inficit

243 961 285 983 10
298 957 345 981 ex
367 955 569 989 consensu,
591 942 657 980 sed
687 942 950 992 progenitores
970 952 1104 979 eorum
1127 940 1273 978 radices
1296 952 1470 978 errorum
1490 946 1622 989 gravat

298 1015 465 1065 amplius
486 1026 564 1064 quo
585 1025 690 1051 error
710 1013 779 1050 iste
802 1012 1031 1062 processerit
1050 1011 1299 1050 incorrectus.

733 1276 1057 1315 CAPITULUM
1088 1277 1191 1315 IXm.

356 1374 561 1414 ULTERms
590 1388 661 1425 pro
690 1376 974 1426 complemento
1004 1376 1108 1414 finali
1137 1383 1344 1426 supersunt
1364 1376 1425 1414 alii
1445 1382 1628 1426 quattuor

302 1449 475 1486 obiectus
513 1448 552 1484 in
589 1448 746 1486 materia
784 1448 832 1486 de
865 1448 971 1498 regia
1007 1454 1194 1498 potestate
1231 1447 1350 1486 lacius
1382 1447 1626 1498 practicandi.

1816 185 1894 229 217

1639 1387 1732 1414 There
1744 1385 1851 1412 remain

1639 1422 1702 1448 four
1709 1419 1865 1453 objections

1640 1453 1810 1486 concerning
1818 1453 1866 1479 the

1640 1487 1787 1514 extension
1797 1487 1829 1513 of
1843 1486 1892 1512 the

249 1533 289 1565 15
303 1518 445 1565 Primo,
466 1519 634 1569 inquam,
656 1519 827 1568 arguitur
854 1525 987 1557 contra
1006 1519 1080 1557 hoc
1101 1519 1206 1569 quod
1226 1532 1317 1569 sepe
1339 1519 1473 1558 dicitur
1493 1531 1627 1569 quem—
1640 1522 1740 1554 kingly
1751 1529 1854 1553 power·

84 1736 132 1766 45
150 1737 184 1765 b.

302 1590 393 1627 libet
412 1590 553 1639 legium
573 1591 674 1639 regis
703 1590 841 1628 debere
864 1603 947 1628 esse
976 1591 1141 1628 iuratum
1163 1591 1244 1640 regi
1264 1598 1302 1628 et
1320 1603 1452 1640 regno.
1509 1590 1628 1628 Vide-

302 1667 362 1698 tur
381 1661 484 1698 enim
505 1661 640 1710 sequi4
659 1661 786 1710 primo
806 1661 910 1711 quod
938 1674 1040 1711 papa
1068 1674 1157 1699 cum
1187 1662 1457 1709 cardinalibus,
1483 1661 1626 1708 fratres,

302 1739 340 1770 et
369 1732 431 1770 alii
460 1733 757 1782 exproprietarie
771 1733 784 1752 ⁵
804 1733 983 1779 viventes,
1005 1733 1147 1771 debent
1168 1731 1185 1751 '¹‘
1208 1746 1292 1771 esse
1321 1733 1432 1771 iurati
1462 1733 1627 1783 regibus.

302 1803 447 1841 Ymmo
462 1816 483 1840 e
499 1811 636 1841 contra
655 1816 742 1841 cum
761 1816 864 1853 papa
883 1804 997 1841 habet
1016 1804 1119 1854 leges
1138 1805 1278 1854 quibus
1298 1811 1451 1854 oportet
1471 1816 1628 1842 omnem

1643 1582 1664 1598 1.
1688 1572 1715 1597 It
1725 1571 1748 1597 is
1761 1569 1848 1597 main-

1641 1605 1736 1631 tained
1746 1605 1808 1630 that

1641 1639 1766 1665 whereas
1784 1646 1832 1670 my
1845 1637 1909 1663 doc-

1642 1672 1713 1698 trine
1726 1672 1820 1698 would
1833 1671 1882 1697 ob-

1640 1706 1696 1739 lige
1704 1706 1752 1731 the
1760 1706 1838 1737 Pope
1845 1704 1902 1730 and

1640 1740 1678 1765 all
1688 1739 1769 1766 other
1775 1738 1872 1765 elerics
1880 1743 1910 1764 to

1640 1782 1729 1799 swear
1740 1771 1893 1799 obedience

1641 1812 1671 1833 to
1683 1807 1730 1832 the
1744 1806 1832 1838 King,
1846 1811 1876 1831 at

1640 1845 1753 1873 present
1766 1840 1814 1865 the
1826 1839 1894 1865 Em-

250 1889 290 1910 20
304 1874 498 1911 subditum
519 1875 688 1921 obedire,
708 1875 855 1913 videtur
875 1874 980 1924 quod
999 1875 1157 1925 quilibet
1177 1875 1273 1913 alius
1293 1876 1495 1913 cristianus
1515 1875 1630 1913 debet
1641 1883 1722 1907 ΡΕΥΟΥ
1732 1874 1789 1900 and
1803 1873 1883 1899 Bish-

303 1957 388 1983 esse
418 1945 541 1994 legius
565 1945 684 1984 homo
715 1958 818 1993 suus,
841 1946 931 1996 quia
963 1945 1084 1995 legius
1116 1947 1226 1996 quasi
1260 1947 1336 1996 legi
1367 1947 1552 1994 subditus,
1572 1946 1631 1985 vel

303 2015 425 2065 legius
462 2017 572 2066 quasi
612 2017 771 2066 legifero
808 2018 957 2067 ligatus.
1016 2017 1079 2056 Sic
1117 2018 1220 2056 enim
1257 2018 1367 2056 iurati
1405 2024 1495 2056 sunt
1531 2031 1632 2068 pape

88 2082 546 2136 F01.164b.1m*perat0r
565 2094 601 2125 et
620 2088 802 2138 episcopi,
825 2094 866 2126 ut
885 2095 989 2139 patet
1008 2089 1087 2126 lxiii
1107 2089 1155 2127 di.
1214 2093 1223 2108 ‘
1243 2089 1333 2127 Tibi
1347 2087 1511 2136 domt'n0,'
1531 2095 1568 2127 et
1591 2096 1634 2126 20

87 2133 218 2164 Decret.

88 2176 131 2206 D.
148 2182 255 2206 LXIII.

89 2230 117 2250 c.
134 2218 247 2249 xxxiii.

89 2272 220 2304 Decret.

88 2315 162 2347 Lib.
181 2323 221 2347 11.

89 2359 156 2390 Tit.
173 2358 259 2390 xxiv.

90 2413 117 2434 c.
130 2411 162 2443 4.

305 2158 502 2196 decretum
530 2158 591 2196 De
623 2159 701 2196 iure
727 2159 914 2196 iurando⁶
938 2166 1003 2198 ca0
1029 2160 1115 2209 Ego
1143 2159 1195 2198 N
1216 2162 1411 2210 episcopus.
1466 2161 1528 2198 Ex
1555 2173 1633 2212 quo

305 2229 451 2266 videtur
476 2229 582 2279 quod
610 2230 651 2266 in
678 2230 771 2279 ipsis
791 2231 986 2268 iurentur⁷
1006 2243 1142 2269 omnes
1170 2244 1306 2269 eorum
1336 2232 1476 2269 subditi
1500 2239 1537 2270 et
1565 2245 1634 2282 per

305 2312 551 2350 consequens
571 2301 709 2350 singuli
730 2301 791 2338 alii
812 2302 991 2339 cristiani.
1049 2302 1128 2341 Hic
1148 2303 1372 2341 conceditur
1391 2312 1633 2353 assumptum

306 2377 493 2421 tanquam
528 2372 724 2421 pertinens
756 2372 987 2422 principium
1022 2373 1072 2411 ad
1110 2374 1219 2423 regni
1253 2375 1564 2423 stabilimentum,
1595 2383 1634 2414 et

308 2442 361 2479 sic
392 2455 492 2491 papa
524 2455 613 2480 cum
645 2443 778 2480 dicitur
810 2455 893 2481 esse
926 2444 1095 2482 maxime
1128 2444 1251 2494 legius
1282 2458 1418 2494 regum
1451 2452 1560 2492 terre,
1590 2453 1634 2484 ut

308 2519 412 2563 patet
432 2527 479 2551 ex
500 2514 620 2560 dictis,
638 2513 753 2552 debet
773 2526 856 2552 esse
876 2515 1044 2552 maxime
1063 2515 1205 2553 iuratus
1225 2516 1390 2566 regibus.
1449 2516 1511 2555 Sic
1530 2518 1633 2555 enim

253 2599 296 2630 30
310 2584 416 2632 deus,
447 2585 543 2622 sicut
573 2584 643 2623 fuit
673 2584 876 2634 obligatus,
904 2585 957 2623 sic
988 2592 1025 2623 et
1054 2586 1196 2624 iuratus
1228 2593 1285 2624 est
1302 2587 1471 2626 Abrahe.
1529 2588 1633 2627 Nam

354 2688 365 2705 ¹
388 2689 495 2720 minus
510 2693 575 2730 pro
596 2689 703 2728 nimis,
724 2696 755 2721 Β.
872 2687 885 2706 ²
907 2694 1035 2731 oportet
1057 2691 1130 2730 deo,
1147 2691 1214 2722 ord.
1232 2691 1302 2723 z'nv.
1319 2699 1351 2722 B.
1473 2691 1486 2709 ³
1508 2703 1634 2724 moram

305 2744 370 2781 pro
385 2750 489 2779 mora,
507 2748 541 2771 A.
666 2740 678 2758 4
700 2741 807 2782 primo
825 2741 923 2782 sequi,
949 2742 1015 2773 ord.
1034 2742 1104 2773 inv.
1129 2750 1160 2774 Β.
1297 2744 1309 2762 ⁵
1331 2748 1363 2775 et
1378 2748 1455 2775 ante
1471 2755 1543 2786 exp.
1560 2745 1633 2776 add.

311 2800 347 2832 A,
364 2800 395 2824 Β.
482 2793 494 2812 ⁶
513 2791 696 2834 juramento
705 2798 769 2835 pro
779 2792 850 2834 jure
861 2793 1009 2834 jurando,
1026 2801 1057 2826 Β.
1149 2793 1162 2811 ⁷
1180 2794 1288 2836 jurent
1303 2800 1368 2838 pro
1382 2796 1539 2838 jurentur,
1555 2804 1589 2830 A.

1643 1917 1694 1940 ops
1707 1916 1796 1933 swear
1808 1912 1838 1933 to

1643 1941 1691 1967 the
1705 1941 1791 1974 Pope,
1805 1949 1841 1967 on
1854 1940 1899 1965 be-

1642 1975 1707 2014 }3215
1714 1974 1746 2002 of
1754 1975 1792 2001 211
1807 1974 1900 2002 chris-

1644 2014 1726 2035 tlanS-
