2051 3299
58 737 89 770 S.
107 738 195 780 Aug.

59 782 183 822 Quaest.
199 792 240 813 ex

693 225 759 255 DE
791 223 983 255 OFFICIO
1016 222 1173 254 REGis.
1826 205 1879 257 85

278 335 369 367 tunc
403 328 557 366 indubie
589 334 676 366 sunt
709 328 851 366 diaboli
884 327 1058 374 indurati,
1094 339 1164 376 pro
1198 326 1303 364 cuius
1337 323 1600 363 deelaracione
1613 325 1682 352 with
1694 326 1788 366 vyhich
1801 326 1871 359 they

1612 370 1660 386 are
1673 370 1685 386 s
1707 361 1810 386 irituall

277 411 457 449 suppono
488 406 529 437 ut
560 400 651 437 alias
686 399 792 449 quod
832 399 925 437 tales
957 410 1116 448 peccare
1158 402 1365 447 potuerunt
1396 370 1742 433 occasioneweigfied
1755 369 1847 420 amvi..

275 470 475 508 affluencie
523 470 801 519 temporalium,
842 482 864 508 a
903 482 980 520 quo
1019 475 1177 518 peccato
1215 469 1463 505 liberarentur
1511 466 1601 514 ipsis
1614 466 1863 533 {Qgssffissffighus

1581 549 1601 573 e
1616 534 1684 566 they
1696 539 1771 559 must
1784 534 1818 559 be

277 541 504 579 ducentibus
525 541 640 579 vitam
661 553 882 590 pauperem.
941 540 1129 587 Quamvis
1156 546 1284 577 autem
1311 539 1384 576 hoc
1405 544 1534 588 pateat
1554 536 1577 574 d
1614 568 1759 594 hardened
1772 566 1870 593 devils.

245 613 456 660 5omnibus
485 612 704 661 dampnatis
729 619 884 662 propter
910 613 1075 649 abusum
1101 612 1294 648 bonorum
1324 609 1442 648 seculi
1471 614 1601 645 tamen

275 683 412 732 triplex
437 683 698 720 testimonium
725 689 946 720 sanctorum
972 682 1163 720 adducam
1182 682 1222 717 in
1248 680 1363 717 fidem
1393 679 1564 717 eiusdem
1579 676 1602 716 ¹.

276 753 447 791 Primum
477 760 534 791 est
569 754 711 791 dictum
744 753 960 802 Augustini,
995 753 1035 790 in
1066 752 1136 790 ‘de
1167 751 1432 801 questionibus
1465 750 1600 787 veteris
1612 749 1857 816 ιὸ-Ἱξζὲἑῐέῧὲζξξ

59 825 237 875 νεῖῖ-Τεεῒ-
276 831 312 862 et
339 838 437 863 nove
464 823 580 874 legis'
602 825 708 862 xxxii
738 825 917 874 capitulo,
947 825 998 861 sic
1024 823 1209 869 dicentis;
1239 829 1326 872 post
1355 822 1455 859 hanc
1486 822 1601 858 vitam
1614 817 1828 878 {pcglgsar'ngerof

56 879 156 902 xxxu‘
276 896 404 933 divites
417 895 430 915 2
458 897 573 933 seculi
597 896 756 945 egebunt,
774 897 970 944 penitentes
995 908 1030 931 se
1053 900 1233 943 pauperes
1263 906 1333 930 non
1356 893 1496 943 fuisse.
1552 892 1603 929 Et

57 956 150 1029 {ilke
165 997 219 1029 xvi
274 973 380 1015 patet
418 967 466 1004 de
499 967 625 1004 Divite
664 967 813 1015 sepulto
851 966 890 1003 in
922 965 1077 1003 Inferno
1108 964 1213 1002 Luce
1246 964 1320 1001 xvi.
1379 963 1599 1001 Secundum
1613 971 1870 1032 g'}ss{t³”}⁰”y⁰s

59 1049 109 1082 19.
223 1021 230 1029 ¹
275 1038 537 1075 testimonium
575 1044 632 1075 est
669 1038 813 1075 dictum
851 1037 952 1074 beati
985 1036 1161 1085 Gregorii
1196 1035 1261 1072 xxi
1293 1035 1497 1072 moralium
1532 1034 1603 1071 iiii0
1637 1026 1642 1032 ¹
1716 1015 1753 1039 go
1769 1014 1798 1039 γ’

57 1112 227 1187 ᾓῑεςοῑχ.
274 1108 441 1157 capitulo
462 1109 515 1146 sie
537 1108 718 1146 dicentis:
751 1111 759 1126 ⁴
778 1108 922 1155 Quanto
952 1109 1086 1145 iniusto
1115 1107 1330 1155 temporalia
1360 1106 1451 1143 bona
1480 1112 1605 1154 suppe-

98 1165 261 1187 OLXXLIV.

273 1183 366 1225 tunt,
402 1184 501 1216 tanto
529 1184 651 1216 eterna
679 1184 875 1228 negantur.
898 1208 904 1216 .
929 1208 936 1215 .
968 1178 1103 1224 Vitulzss’
1135 1178 1269 1227 inquit,
1305 1178 1397 1226 ‘qui
1414 1177 1612 1232 *mactandi

273 1254 361 1286 sunt
378 1251 416 1287 in
436 1250 666 1287 liberioribus
677 1251 850 1299 pastibus
870 1249 1155 1298 relinquuntur?
1206 1249 1256 1285 Et
1276 1248 1363 1286 ideo
1385 1260 1475 1297 sepe
1495 1253 1608 1284 vocat

57 1326 260 1356 F01.128a.
274 1321 560 1370 possessionem
591 1321 860 1370 temporalium
889 1320 907 1340 '¹‘
933 1320 1088 1370 pondus
1120 1320 1258 1357 anime.
1314 1319 1365 1356 Et
1396 1318 1485 1356 hinc
1516 1317 1607 1355 dicit

56 1394 148 1426 Luke
159 1393 239 1425 xviii

59 1447 108 1479 24.

242 1418 249 1424 -
275 1391 422 1430 Cristus
446 1391 550 1430 Luce
577 1392 686 1429 xviiio
713 1392 819 1442 quod
849 1392 995 1442 dzfficile
1021 1396 1074 1428 est
1100 1392 1247 1428 divitem
1278 1392 1421 1428 intrare
1448 1401 1604 1439 regnum

273 1464 439 1499 celorum.
497 1463 681 1500 Tercium
701 1468 758 1500 est
778 1463 922 1500 factum
943 1469 980 1500 et
1001 1462 1145 1500 dietum
1166 1462 1315 1499 domini
1335 1457 1881 1518 Lineoniensis{gir0'35ss‘32tt32011310f

55 1530 99 1560 19
115 1529 152 1559 b.
274 1533 434 1583 epistula
454 1533 583 1570 xviiia³
604 1546 722 1583 quam
743 1534 893 1583 scripsit
916 1532 933 1552 ²¹⁴
957 1534 1077 1572 sorori
1098 1546 1179 1571 sue.
1236 1537 1244 1552 ‘
1258 1532 1445 1579 Noverzs,’
1465 1532 1599 1582 inquit,
1611 1541 1679 1602 (ῌὲε
1692 1542 1774 1606 13tter
1787 1547 1816 1569 to
1828 1541 1873 1568 his

57 1583 261 1666 gffgsss'pist·
275 1607 283 1624 ‘
299 1606 398 1653 quod
412 1618 529 1641 omnes
549 1606 715 1642 redditus
734 1618 821 1653 quos
840 1605 966 1650 habui,
987 1606 1191 1654 resignavi,
1213 1609 1367 1654 propter
1378 1604 1603 1653 prebendam
1614 1584 1652 1602 5¹8
1667 1585 1705 1602 er·

56 1669 123 1700 viii.

222 2046 237 2069 2

273 1687 382 1724 quam
403 1675 520 1711 habui
534 1676 573 1711 in
593 1676 737 1712 ecclesia
758 1675 993 1712 Lincoliensi.
1045 1675 1126 1712 Nec
1146 1680 1187 1722 te,
1209 1689 1275 1724 que
1294 1676 1486 1724 religionis
1499 1676 1606 1723 geris

273 1746 448 1790 habitum,
478 1747 669 1795 religionis
697 1747 787 1795 que4
815 1747 994 1783 servande
1018 1747 1175 1784 emisisti
1196 1751 1328 1792 votum,
1357 1746 1520 1783 moveat⁵
1540 1750 1608 1782 aut

272 1817 467 1862 contristet,
488 1818 527 1853 si
540 1822 729 1865 spontanee
738 1818 877 1868 factus
896 1831 976 1855 sum
988 1819 1205 1867 pauperior,
1228 1823 1271 1854 ut
1288 1818 1489 1854 virtutibus
1504 1818 1605 1867 fiam

274 1888 416 1931 dicion-
450 1889 489 1924 si
499 1888 632 1924 mundo
658 1889 728 1924 sim
742 1888 754 1908 ⁶
775 1889 985 1937 despenser,
1006 1893 1049 1925 ut
1064 1890 1134 1925 celi
1144 1889 1286 1926 civibus
1306 1889 1375 1925 sim
1391 1889 1602 1937 accepciom

273 1959 312 1995 si
328 1963 483 2008 propter
516 1959 645 1996 bonum
676 1959 870 1996 obediencie
903 1961 1041 2008 reliqui
1065 1961 1219 2009 quedam
1257 1961 1482 2008 temporalia,
1523 1972 1604 1996 cum

243 2046 260 2079 5
274 2031 377 2066 nulla
415 2031 538 2067 virtus
576 2031 655 2067 nisi
678 2037 750 2078 per
786 2031 1025 2067 obedienciam
1062 2035 1244 2069 mereatur
1280 2032 1429 2068 celestia.
1488 2030 1606 2067 Debes

273 2105 391 2137 autem
420 2101 550 2138 bonum
579 2102 678 2149 quod
702 2114 808 2138 amas
833 2103 871 2138 in
902 2106 942 2147 te,
963 2106 1063 2139 tanto
1093 2103 1291 2139 ardencius
1319 2115 1446 2138 amare
1475 2103 1514 2138 in
1541 2114 1604 2147 me,

273 2176 407 2220 quanto
427 2173 695 2209 coniuncciores
713 2186 840 2209 sumus
868 2174 996 2209 carnis
1016 2174 1278 2222 proximitate.
1336 2173 1459 2209 Amas
1485 2176 1604 2209 autem

275 2243 313 2278 in
334 2246 365 2278 te
384 2243 476 2291 ipsa,
498 2247 541 2280 ut
565 2250 678 2292 spero,
700 2244 791 2280 bona
817 2256 897 2281 vere
925 2245 1127 2293 religionis.
1194 2243 1338 2281 Veritas
1358 2243 1497 2280 autem⁷
1516 2243 1603 2280 reli-

269 2314 396 2362 gionis
424 2315 559 2351 nititur
586 2316 850 2363 apprehendere
877 2316 1015 2352 culmen
1035 2314 1277 2364 perfeccioms
1305 2318 1348 2351 ut
1374 2315 1449 2350 iam
1468 2315 1573 2351 nulla
1590 2313 1603 2334 ⁸

221 2401 264 2433 30
275 2386 374 2421 mala
403 2386 601 2434 proximis
639 2387 789 2434 irroget,
825 2387 998 2434 irrogata
1036 2382 1094 2437 [a]
1126 2385 1324 2434 proximis
1356 2386 1602 2433 equanimiter

267 2460 388 2504 portet
399 2469 419 2499 ,·
449 2456 595 2493 abiectis
627 2456 728 2493 bonis
762 2456 1019 2505 temporalibus
1051 2468 1279 2504 nequaquam
1305 2460 1452 2492 mentem
1480 2457 1601 2492 leticia

274 2527 395 2563 solvat
403 2540 423 2570 ‚·
451 2527 651 2563 subtractis
673 2528 801 2563 eisdem
822 2539 892 2563 non
912 2527 1024 2563 nimio
1044 2531 1112 2562 aut
1128 2527 1271 2563 omnino
1291 2527 1392 2563 nullo
1411 2539 1547 2563 merore
1565 2540 1602 2563 se

275 2597 416 2647 afficiat
426 2611 445 2641 ,·
476 2610 600 2634 rerum
629 2598 873 2646 corporalium
894 2597 1045 2634 umbras
1064 2609 1292 2645 nequaquam
1312 2609 1429 2633 secum
1459 2597 1599 2644 trahat,

316 2717 328 2735 ¹
352 2717 506 2758 ejusdem,
534 2726 579 2756 Α;
612 2718 711 2759 quod,
737 2725 769 2749 B.
873 2716 885 2734 ²
906 2722 982 2758 post
1005 2717 1120 2748 divites
1144 2717 1218 2747 add.
1246 2717 1353 2757 huius,
1383 2725 1412 2748 Β.
1517 2716 1529 2734 ³
1553 2719 1601 2749 8¹².

307 2769 475 2811 religionis
491 2770 590 2811 quod,
608 2778 642 2808 A,
660 2778 691 2801 Β.
774 2770 785 2789 ⁵
808 2774 953 2808 moneat,
970 2777 1005 2809 A,
1023 2777 1054 2800 Β.
1122 2768 1134 2786 ⁶
1157 2780 1240 2809 sum,
1257 2777 1290 2800 A.
1372 2769 1384 2787 ⁷
1401 2774 1475 2811 post
1490 2774 1601 2802 autem

276 2821 333 2862 leg.
350 2832 438 2862 vero,
456 2830 490 2853 A.
579 2821 589 2839 8
613 2822 692 2863 ulla,
709 2830 744 2854 A.

273 2768 285 2786 4
