2051 3299
174 189 233 230 86
870 202 935 234 DE
967 203 1160 236 orrrcro
1194 204 1349 236 REGIS.

454 305 520 343 sed
531 305 704 357 fortasse
734 310 874 344 tractas
905 320 1018 344 manu
1048 309 1281 345 discrecionis
1311 309 1449 358 abigat.
1506 308 1785 348 Abrenuncciczt
1794 318 1885 350 Luke
1902 318 1967 350 xiv.

454 379 548 414 em'm
569 378 701 414 mundo
731 390 819 415 vera
839 380 981 427 religio,
1005 380 1117 416 iuxta
1139 392 1255 416 vocem
1285 381 1454 416 veritatis
1482 381 1632 417 dicentis
1646 396 1660 419 .·
1688 371 1847 419 Nisi33'

455 450 538 496 quis
554 447 565 466 1
591 450 797 486 renuncciet
813 449 977 486 omnibus
996 463 1062 498 que
1086 451 1251 498 possidet
1267 463 1337 487 non
1362 455 1483 499 potest
1498 464 1569 488 esse
1589 464 1685 488 meus
1706 453 1782 488 dis-

455 521 608 568 cipulus.
664 519 722 556 Et
756 521 852 556 sicut
887 521 944 557 ait
979 521 1101 557 beatus
1144 520 1350 570 Gregorius
1365 534 1378 559 :
1410 523 1474 570 pie
1520 521 1675 559 mentes2
1723 523 1783 560 hec
1797 531 1837 560 ¹1¹.

456 591 681 639 temporalia,
703 603 783 627 cum
804 591 940 637 desunt,
962 604 1032 628 non
1053 593 1249 640 requirunt
1259 592 1283 639 3,
1304 597 1338 629 et
1347 593 1523 641 graviter
1542 606 1623 630 cum
1644 598 1782 640 assunt,
1796 580 2001 657 ngig.zlgtor.

438 662 583 710 ferunt
593 662 617 708 4,
640 662 728 709 quia
739 668 811 710 per
829 663 1056 698 exteriorum
1076 675 1189 699 curas
1208 676 1231 699 α
1251 675 1286 699 se
1304 664 1411 700 exire
1434 664 1704 712 pertimescunt.
1736 693 1744 701 .
1775 692 1784 702 .

457 733 556 771 Nz'sz·
569 733 662 769 enim
682 745 780 769 mens
805 733 850 769 ab
879 733 1125 770 exterioribus
1146 734 1336 770 desideriis
1354 747 1389 770 se
1408 734 1616 781 abscondat,
1639 736 1784 772 interna
1795 743 2003 783 Ib.xxix.5r.

455 816 527 840 non
537 807 716 852 penetrat.
749 832 756 840 .
788 832 795 841 .
824 802 951 852 Neque
979 805 1032 840 ad
1056 805 1328 852 contemplanda
1358 805 1502 841 interna
1522 806 1745 854 perducitur
1760 805 2002 855 ⁵,1b‚xxxi.55.

456 875 536 910 uisi
550 875 706 911 studiose
725 873 770 911 ab
791 874 864 911 hiis
883 888 949 923 que
967 876 1134 912 exterius
1155 875 1349 923 implicant
1359 876 1370 895 ⁶
1385 875 1643 913 subtrahatur.
1691 875 1786 914 Cum

456 946 577 993 igitur
595 949 645 992 tu,
673 946 883 994 religionem
899 946 1084 995 professa,
1106 946 1168 982 lzec
1190 950 1224 982 et
1246 945 1461 983 huiusmodi
1476 947 1568 984 bona
1594 949 1785 997 religionis
1800 961 1841 983 10

454 1017 494 1052 in
523 1020 553 1053 te
579 1017 660 1065 ipsu
686 1017 837 1064 diligas,
860 1017 977 1053 michi
999 1017 1125 1053 saltem
1155 1017 1209 1053 ad
1234 1017 1299 1054 lzoc
1326 1018 1483 1065 aliquem
1508 1023 1686 1066 conatum,
1708 1020 1791 1056 licet

455 1087 611 1133 debilem,
648 1088 846 1136 opponenti
877 1100 949 1124 non
988 1088 1156 1124 invideas
1168 1101 1187 1132 ‚·
1217 1100 1302 1136 equo
1349 1089 1471 1125 animo
1519 1091 1647 1126 tollera
1692 1090 1792 1138 quod

449 1159 655 1207 gravantis
669 1159 814 1195 sarcine
816 1162 963 1207 partem
981 1159 1348 1207 deposuigravzorem
1366 1173 1380 1197 .·
1395 1172 1487 1207 ymo
1499 1161 1581 1197 totis
1597 1157 1787 1212 vi[sce]ri-

456 1230 522 1266 bus
552 1230 693 1274 exulta,
721 1230 820 1277 quod
838 1242 874 1266 eo
899 1242 1089 1276 exoneror,
1119 1230 1223 1278 quod,
1255 1231 1336 1266 nisi
1358 1235 1447 1267 esset
1469 1231 1675 1279 depositum,
1702 1235 1791 1268 esset

177 1307 431 1368 tlfiffclsgetetgereassooe
454 1301 629 1349 graviter
660 1299 940 1349 oppressurum.⁷
997 1300 1157 1337 Utinam
1188 1301 1306 1338 nostri
1338 1301 1503 1349 religiosi
1533 1308 1611 1338 tam
1634 1315 1787 1351 posses·
1802 1316 1840 1350 15

177 1376 271 1436 ἓξὲξ
281 1376 384 1402 defend
398 1376 434 1403 its
462 1371 597 1411 sionati
625 1384 742 1421 quam
769 1372 1057 1421 exproprietarii
1079 1372 1340 1422 imprimerent
1371 1378 1407 1410 et
1430 1373 1654 1421 perficerent
1674 1374 1788 1412 istam

459 1443 581 1481 sancti
603 1443 771 1481 doctoris
792 1443 1041 1481 sentenciam.
1071 1442 1187 1482 Tunc
1208 1443 1311 1480 enim
1331 1442 1490 1481 haberet
1509 1443 1571 1481 illa
1592 1444 1789 1483 diffamata

456 1514 653 1552 sentencia
692 1521 891 1563 tamquam
929 1513 1098 1552 heretica
1138 1514 1272 1551 saltem
1305 1514 1345 1551 in
1385 1514 1571 1563 religiosis
1602 1515 1788 1565 plurimos

457 1585 688 1623 defensores.
748 1585 871 1622 Petita
909 1585 1022 1634 igitur
1066 1585 1138 1623 hac
1187 1585 1459 1635 supposicione
1508 1586 1620 1635 signo
1666 1593 1789 1625 totam

177 1659 410 1726 ἑξεξῑέῑξξὲξῗῐι
458 1656 745 1694 multitudinem
766 1656 854 1693 cleri
873 1655 1015 1705 Anglie
1037 1668 1112 1706 que
1133 1656 1333 1694 affluencia
1362 1657 1632 1705 temporalium
1653 1669 1788 1695 onera·
1803 1679 1844 1701 20

176 1728 404 1793 ggffaefftffg‘em'
464 1734 524 1767 tur
545 1735 581 1766 et
601 1728 772 1777 arguitur
792 1728 866 1766 sic:
899 1727 938 1765 Si
962 1728 1033 1766 hec
1053 1729 1256 1767 multitudo
1282 1729 1341 1767 vel
1370 1729 1496 1778 aliqua
1517 1729 1597 1767 eius
1623 1741 1789 1779 persona

176 1781 373 1849 theoempgral
461 1806 587 1848 potest
613 1800 731 1837 iuvari
757 1812 826 1848 per
854 1800 1180 1838 exoneracionem
1207 1800 1492 1850 temporalium,
1518 1801 1665 1838 domini
1690 1807 1788 1838 tem-

177 1849 253 1911 iffi?
264 1859 442 1911 ξῖῗᾶξῐῗονθ
459 1870 609 1920 porales
630 1870 696 1920 qui
716 1871 839 1920 ipsam
859 1878 1111 1909 oneraverant
1127 1877 1292 1921 possunt
1311 1870 1535 1909 aufferendo
1558 1869 1576 1890 *
1599 1871 1789 1909 sarcinam
1801 1879 1845 1909 19
1863 1886 1897 1911 c.

460 1943 512 1981 sic
548 1942 686 1981 iuvare.
748 1941 824 1979 Sed
854 1942 948 1979 nulli
984 1942 1130 1979 domini
1160 1942 1392 1991 temporales
1423 1948 1585 1992 possunt
1619 1954 1706 1980 eam
1736 1942 1790 1981 sic

458 2014 587 2052 iuvare
610 2020 652 2051 ut
684 2013 831 2060 dicitur,
859 2026 952 2063 ergo
984 2026 1065 2051 non
1097 2013 1235 2063 poterit
1267 2013 1320 2051 sic
1351 2013 1480 2051 iuvari.
1536 2013 1587 2051 Et
1621 2025 1710 2051 cum
1744 2013 1789 2052 sit
1803 2032 1843 2066 25

458 2084 643 2134 impedita
663 2097 685 2121 a
705 2084 951 2133 perfeccione
971 2084 1168 2133 religionis
1191 2091 1231 2121 ut
1259 2085 1409 2134 petitur,
1433 2091 1536 2134 patet
1556 2085 1663 2134 sequi
1683 2085 1791 2135 quod

459 2167 597 2193 omnes
618 2155 670 2192 illi
692 2156 757 2205 qui
779 2155 832 2192 sic
859 2161 1068 2193 onerantur
1092 2161 1129 2193 et
1152 2168 1231 2193 non
1254 2161 1463 2204 potuerunt
1487 2156 1539 2193 sic
1562 2155 1680 2193 iuvari
1703 2162 1792 2193 sunt

178 2219 241 2246 The
254 2224 386 2252 contrary

179 2255 211 2280 of
220 2254 276 2280 this
288 2254 385 2279 makes

179 2288 244 2314 God
257 2288 416 2320 powerless,

178 2321 308 2354 deprives
322 2326 390 2346 tem-

178 2355 347 2420 {ffgfflgffi
359 2355 392 2381 Of
459 2370 546 2408 Deo
582 2369 813 2419 potenciam,
847 2369 1030 2418 sacrilege
1064 2370 1228 2419 privaret
1258 2382 1280 2407 a
1314 2369 1480 2407 dominis
1514 2370 1788 2420 temporalibus
1802 2386 1846 2417 30

179 2422 423 2488 ξῗιῗὲῗίἒῗξέἕζ.
458 2441 605 2490 regiam
639 2447 882 2490 potestatem,
914 2446 951 2478 et
985 2440 1099 2477 nimis
1134 2440 1361 2478 scandalose
1395 2441 1613 2490 imponeret
1644 2441 1788 2480 clericis

175 2490 385 2584 {ssffieilnflissiiiy
458 2512 755 2562 possessionatis
776 2511 932 2548 finalem
953 2511 1309 2560 impenitentiam⁸;
1360 2518 1397 2549 et
1430 2523 1560 2549 revera
1589 2512 1619 2549 si
1640 2524 1714 2561 ego
1735 2512 1789 2550 sic

193 2565 269 2583 enCe=

460 2227 602 2265 diaboli
622 2226 796 2263 indurati.
852 2226 904 2263 Et
923 2232 1028 2275 patet
1048 2226 1155 2276 quod
1185 2227 1407 2275 oppositum
1434 2226 1694 2264 conclusionis
1714 2239 1790 2277 que

458 2304 686 2347 procuratur
708 2297 912 2346 dampnari
938 2302 1140 2347 tamquam
1163 2297 1331 2335 heretica
1353 2285 1538 2334 blasfeme
1562 2297 1747 2336 aufferet⁷
1767 2310 1790 2335 a

458 2583 700 2634 pertinaciter
726 2594 994 2632 procurassem
1015 2594 1086 2632 pro
1106 2582 1320 2629 monachis,
1342 2595 1415 2632 ego
1437 2595 1562 2621 essem
1589 2589 1791 2633 tamquam

504 2760 514 2778 ¹
537 2760 610 2792 add.
629 2761 670 2791 ab
684 2764 755 2801 post
771 2759 854 2802 quis,
871 2768 903 2791 B.
984 2758 996 2776 ²
1020 2760 1149 2800 mentis,
1167 2767 1201 2792 Α.
1278 2759 1289 2777 ³
1313 2763 1461 2801 querunt,
1478 2767 1508 2790 B.
1569 2758 1581 2777 4
1596 2759 1736 2800 fuerunt,
1753 2766 1788 2792 A.

461 2813 472 2832 ⁵
490 2813 690 2855 producitur,
707 2821 742 2846 A.
831 2814 843 2832 ⁰
865 2813 1028 2854 implicat,
1045 2820 1081 2853 A,
1107 2820 1138 2844 B.
1236 2810 1248 2829 ⁷
1271 2812 1387 2853 aufert,
1404 2820 1448 2844 A.
