2051 3299
668 272 732 302 DE
765 270 962 302 OFFICIO
995 269 1153 301 REGIS.
1774 265 1855 308 179

248 377 402 414 servicie
440 376 490 413 ad
528 375 832 413 stabilimentum
871 375 976 424 pacis
1015 374 1134 423 regni,
1176 374 1243 411 sed
1282 372 1485 423 quomodo
1524 373 1578 410 sic

246 448 399 485 serviret
436 447 597 485 clericus
636 446 821 484 discendo
855 446 981 483 officio
1019 457 1090 483 suo
1128 445 1407 494 impertinens?
1483 443 1577 481 Non

246 519 350 556 enim
370 518 552 555 excitaret
571 529 659 555 eum
679 519 727 555 ad
748 516 1101 566 contemplandum,
1123 516 1173 553 ad
1200 515 1477 565 predicandum
1506 527 1578 552 nec

248 589 297 626 ad
344 589 629 627 observandum
667 588 843 625 ordinem
881 587 939 625 vel
986 587 1190 633 orandum,
1229 586 1297 624 sed
1345 586 1478 636 pocius
1531 587 1580 622 ab

218 660 429 701 somnibus
458 659 538 696 istis
567 659 799 696 dissolveret.
854 659 905 696 Et
930 664 1035 708 patet
1056 670 1173 708 quam
1200 658 1349 695 sinistre
1370 657 1582 706 concipitur

31 729 121 762 Sexti
250 730 448 768 decretalis
477 730 515 766 in
547 729 664 767 Sexto
701 730 742 766 de
779 729 1011 766 eleccionibus
1053 731 1166 766 ‘curn
1196 741 1244 765 ex
1279 727 1352 774 eo,’
1393 728 1432 764 in
1467 739 1544 776 qua
1557 725 1581 772 ¹,

32 772 199 805 Decretal.
274 801 280 807 ,
508 800 514 806 ,
585 800 591 807 ,
744 800 750 806 ,
947 801 954 807 ,
1180 799 1186 806 .

33 817 106 848 ΠΙ),
128 824 151 848 Ι,
168 816 234 847 Tit,
248 801 394 837 videtur
435 800 515 836 dari
556 800 772 837 diocesanis
811 807 1016 838 auctoritas
1062 800 1110 837 ad
1151 798 1455 848 dispensandum
1494 809 1583 835 cum

33 861 76 892 vi.
94 871 120 891 ⁰·
140 868 190 898 31·
250 871 389 909 curatis
408 883 476 920 per
497 871 737 919 septennium
760 871 865 921 quod
887 871 983 908 infra
1004 883 1138 908 sacros
1158 870 1312 908 ordines
1332 869 1447 918 positi
1466 869 1486 891 ss
1504 880 1584 904 non

33 918 90 990 ξὸο
91 916 196 989 lla-154
207 924 237 945 α’
255 941 272 961 *
296 942 371 979 sint
400 941 612 990 presbiteri.
670 942 731 978 Ex
767 954 845 992 quo
884 942 1040 991 quidam
1079 942 1233 979 eliciunt
1272 940 1377 990 quod
1410 940 1498 977 licet
1532 939 1586 976 eis
1598 948 1660 974 The
1680 956 1764 974 seven
1777 946 1868 980 yfflrs'

253 1012 405 1049 interim
431 1012 659 1062 cuicumque
688 1012 762 1062 legi
795 1013 1006 1050 intendere.
1065 1012 1141 1049 Sed
1179 1024 1281 1061 papa
1314 1011 1516 1048 Honorius
1550 1015 1587 1046 et
1599 981 1852 1075 Ξῑὲέῑξὲἒῖἐὲἰ

254 1096 323 1133 per
360 1095 603 1133 consequens
641 1083 864 1121 Bonifacius
903 1096 984 1121 non
1022 1083 1155 1121 habuit
1196 1088 1429 1132 potestatem
1466 1081 1587 1118 taliter
1600 1084 1689 1109 ofthe
1702 1082 1834 1108 diocesan

1601 1126 1625 1143 is
1637 1117 1680 1142 for
1693 1117 1740 1141 the
1754 1116 1818 1141 stud

38 1164 202 1198 Decretal.
255 1155 515 1204 dispensandi,
548 1156 616 1192 sed
659 1155 803 1193 scolam
837 1155 924 1192 fidei
966 1155 1187 1204 ampliandi.
1256 1153 1372 1191 Unde
1402 1166 1424 1189 v
1457 1152 1588 1190 decre·
1602 1124 1847 1181 0f‘h2010gyff‘gt

69 1210 74 1216 ”
207 1208 212 1213 “
1602 1184 1634 1210 of
1644 1193 1680 1209 an
1707 1183 1776 1209 kind
1790 1182 1822 1208 of

37 1208 388 1292 {AEZTmtalium
427 1227 467 1262 ‘2⁶’
503 1225 714 1274 stlagistrz's
751 1226 919 1275 capitulo
956 1233 1068 1275 super
1106 1227 1250 1275 specula
1298 1225 1352 1262 sic
1391 1193 1700 1262 scribiturzhffl·y

268 1298 441 1335 Volumus
478 1302 511 1334 et
541 1298 764 1334 mandamus
797 1302 839 1334 ut
874 1302 1051 1334 statutum
1089 1298 1129 1334 in
1167 1298 1316 1334 consilio
1348 1296 1524 1345 generali
1552 1295 1593 1331 de

207 1377 244 1409 15
260 1368 468 1417 Magistris
505 1369 677 1417 theologis
709 1375 776 1417 per
813 1369 983 1418 singulas
1021 1369 1233 1417 metropolos
1269 1366 1497 1404 statuendis²
1536 1368 1593 1403 in-

259 1441 479 1477 violabiliter
516 1440 733 1485 observetur,
772 1444 965 1477 statuentes
998 1444 1041 1476 ut
1075 1441 1163 1488 quia
1201 1446 1311 1487 super
1348 1440 1413 1476 hoc
1440 1442 1595 1487 propter

259 1512 454 1548 raritatem
481 1512 748 1560 magistrorum
779 1524 815 1547 se
838 1515 988 1560 possent
1002 1511 1179 1561 forsitan
1201 1511 1325 1558 aliqui
1345 1522 1526 1547 excusare
1549 1508 1595 1545 ab

258 1582 491 1618 ecclesiarum
523 1582 683 1632 prelatis
729 1586 762 1618 et
805 1582 978 1630 capitulis
1025 1582 1078 1618 ad
1120 1581 1311 1630 theologice
1348 1581 1597 1629 professionis

259 1654 433 1698 studium,
455 1654 578 1701 aliqui
593 1654 723 1689 dociles
752 1653 975 1690 destinentur
998 1654 1065 1702 qui
1089 1666 1170 1689 cum
1193 1653 1291 1689 docti
1298 1654 1459 1703 fuerint
1482 1654 1521 1689 in
1542 1652 1603 1688 dei

210 1732 250 1754 20
262 1724 409 1761 ecclesia
438 1724 548 1760 velud
581 1724 751 1772 splendor
773 1724 960 1772 fulgeant
984 1724 1231 1773 firmamenti,
1260 1737 1310 1761 ex
1348 1724 1480 1772 quibus
1513 1727 1601 1771 post

262 1795 407 1832 modum
445 1795 548 1843 copia
584 1795 729 1843 possit3
766 1795 900 1831 haberi
933 1796 1119 1831 doctorum
1162 1797 1231 1843 qui
1264 1795 1374 1832 velud
1416 1794 1513 1831 stelle
1559 1794 1598 1829 in

258 1870 452 1916 perpetuas
483 1867 688 1902 eternitates
726 1878 898 1902 mansure
936 1867 989 1902 ad
1018 1867 1204 1902 iusticiam
1236 1866 1387 1902 valeant
1412 1865 1600 1914 plurimos
1612 1877 1674 1903 The
1687 1876 1742 1902 law
1755 1876 1851 1902 orders

263 1937 411 1974 erudire
424 1951 441 1978 ;
482 1936 613 1985 quibus
641 1937 680 1972 si
697 1938 855 1986 proprii
880 1941 1025 1974 eventus
1052 1938 1290 1974 ecclesiastici
1314 1949 1385 1973 non
1415 1935 1604 1985 sufficiunt
1612 1910 1867 2003 ξῇἲξῖἓῖςὲιὲῗὴειρ

256 2008 422 2058 predicti
442 2009 647 2044 necessaria
670 2008 747 2044 sibi
769 2009 980 2045 ministrent
990 2022 1008 2052 ,·
1039 2009 1198 2045 docentes
1223 2020 1308 2044 vero
1337 2008 1375 2043 in
1405 2006 1601 2055 theologica
1614 1984 1841 2038 Ξῗιὲεἶὲῃεῗιιέοῗῃ

214 2091 252 2122 25
252 2079 442 2130 facultate
460 2079 545 2115 dum
566 2080 605 2114 in
625 2079 731 2115 scolis
751 2080 941 2116 docuerint
957 2083 990 2116 et
1012 2080 1190 2116 studentes
1211 2080 1249 2115 in
1270 2080 1351 2127 ipsa
1372 2079 1511 2126 integre
1534 2084 1603 2125 per
1614 2045 1716 2079 logmal
1730 2045 1868 2071 Μόθω-

266 2162 383 2186 annos
410 2150 567 2198 quinque
586 2151 792 2198 percipient
816 2150 857 2186 de
885 2150 1038 2186 licencia
1066 2150 1161 2186 sedis
1189 2149 1379 2198 apostolice
1398 2151 1601 2197 proventus

259 2221 531 2270 prebendarum
547 2225 581 2257 et
597 2221 848 2271 beneficiorum
869 2233 1031 2265 suorum,
1047 2234 1118 2257 non
1139 2221 1297 2257 obstante
1316 2220 1395 2256 alia
1410 2219 1603 2255 contraria

269 2292 520 2329 consuetudine
539 2292 597 2328 vel
613 2296 758 2337 statuto,
779 2305 861 2328 cum
888 2292 1039 2328 denario
1054 2291 1265 2341 frustrari
1292 2303 1364 2327 non
1388 2290 1536 2326 debeant
1564 2290 1603 2325 in

271 2363 406 2400 vinea4
434 2364 578 2400 domini
601 2367 797 2412 operantes.
864 2362 925 2399 Ex
945 2363 1025 2400 istis
1053 2369 1157 2411 patet
1195 2362 1320 2411 primo
1350 2361 1454 2398 racio
1484 2372 1602 2409 quare
1615 2360 1856 2426 ffilgisrgszvgsvffly

216 2446 258 2478 30
272 2433 491 2470 fundatores
522 2433 769 2482 collegiorum
799 2434 1009 2471 limitarunt
1039 2433 1198 2471 clericos
1227 2444 1318 2470 suos
1348 2431 1497 2469 studere
1522 2443 1602 2468 non
1616 2428 1886 2496 {gggffiffjeffffffl-

270 2504 311 2540 in
340 2503 425 2553 lege
455 2516 611 2542 cesarea
638 2504 705 2541 sed
724 2504 763 2541 in
784 2504 1052 2554 philosophica
1075 2504 1134 2541 vel
1165 2503 1384 2552 theologica
1412 2502 1601 2540 facultate.
1615 2495 1818 2563 {{{¹r{g‘{g¹¹t‘{1¹{

272 2575 382 2613 Patet
405 2582 446 2612 20
467 2587 583 2625 quem
603 2575 751 2613 sinistre
772 2582 828 2613 est
851 2575 911 2613 lex
933 2575 1092 2613 ecclesie
1114 2580 1273 2611 executa
1294 2574 1387 2611 dum
1406 2573 1600 2623 prepositi,
1614 2563 1866 2630 {gffllffifnsshtiffi‘ff

273 2646 417 2684 nedum
451 2658 531 2684 non
561 2646 790 2683 subveniunt
825 2646 1065 2683 studentibus
1099 2646 1139 2682 in
1169 2645 1348 2682 facultate
1372 2644 1601 2693 theologica,
1615 2632 1729 2705 ἑζξζοψ
1741 2672 1829 2703 badly

274 2718 381 2767 quod
407 2725 595 2765 tenentur,
618 2718 687 2756 sed
716 2729 905 2768 pauperes
934 2717 1138 2767 theologos
1168 2718 1337 2755 adiscere
1367 2716 1605 2765 theologiam
1617 2705 1827 2733 churchlawis

1618 2739 1830 2769 administered,

319 2814 329 2833 ¹
353 2815 486 2857 inquam
496 2820 562 2857 pro
577 2815 608 2846 in
627 2826 704 2857 qua,
722 2823 751 2846 B.
895 2814 906 2831 ²
929 2816 1153 2855 statuendum,
1171 2823 1206 2854 A,
1226 2823 1255 2846 B.
1402 2814 1413 2831 ³
1438 2818 1556 2856 potest,
1575 2822 1604 2844 B.

275 2866 286 2884 ⁴
311 2866 362 2897 via
371 2872 435 2908 pro
450 2868 556 2907 vinea,
575 2875 605 2898 Β.

908 2936 974 2960 N2
