2051 3299
724 189 788 220 DE
820 188 1014 221 OFFICIO
1046 187 1200 219 REGIS.
1824 189 1905 230 219

293 295 405 343 igitur
426 294 531 343 quod
552 299 639 331 sunt
664 294 775 330 iurati
804 293 1030 342 generaliter
1061 292 1265 330 defendere
1297 298 1470 329 sanctam
1500 291 1625 328 eccle-

295 367 402 411 siam,
424 365 533 402 iurati
565 371 652 401 sunt
682 364 907 413 generaliter
935 363 1065 412 regnis
1097 369 1134 400 et
1165 363 1321 412 regibus
1349 368 1386 399 et
1410 363 1449 399 in
1469 362 1544 400 hoc
1568 369 1626 399 est

294 448 392 474 onus
412 448 544 473 eorum
565 436 728 484 gravius,
751 442 787 473 et
807 447 925 484 regna
954 434 1096 471 debent
1123 433 1163 470 in
1192 446 1327 471 eorum
1359 433 1504 471 desidia
1534 434 1624 471 sub-

294 508 443 545 trahere
473 508 523 545 ab
551 508 605 545 eis
635 507 888 545 elemosinam
910 505 1152 555 corporalem
1172 511 1372 553 tamquam
1395 504 1623 542 infidelibus.

261 588 278 619 5
294 579 422 616 Potest
443 584 570 615 autem
591 578 747 616 exaccio
768 578 969 615 iuramenti
990 577 1076 614 talis
1103 576 1187 614 elici
1209 588 1276 625 per
1296 576 1424 613 locum
1446 588 1468 612 a
1488 576 1624 614 maiori
1637 582 1877 649 gheexiqffiffgffl}

292 662 339 686 ex
377 651 502 698 primo
536 649 782 687 decretalium
813 649 858 686 de
894 648 1100 693 eleccione,
1136 646 1385 696 Szgmficastz',
1422 647 1487 683 ubi
1523 659 1624 696 papa
1637 651 1905 710 Ξῖῗὲὲηῇἔῐὲξίἓὲ,

290 720 457 757 declarat
477 720 675 769 quomodo
697 720 842 758 Cristus
869 719 999 757 dando
1028 731 1160 756 curam
1190 718 1320 756 ovium
1350 717 1622 755 condicionem
1636 718 1876 778 {rg'ffaffieoff‘ff's

290 791 489 840 intelligit1
509 798 545 828 et
564 791 652 829 ideo
673 803 753 828 non
774 791 836 828 wlt
865 790 916 827 illi
935 789 1244 839 Archiepiscopo
1272 789 1361 826 dare
1383 788 1529 838 palium
1551 788 1623 825 nisi
1635 785 1788 852 gssgffoggfm
1800 784 1888 811 Arch-

290 863 549 900 iuramentum
588 862 791 911 prestiterit
825 861 873 898 ad
910 861 1027 898 fidem
1066 867 1102 898 et
1141 860 1406 898 obedienciam
1446 859 1624 896 Romane

239 946 278 967 10
290 934 393 971 curie
422 933 715 971 observandam.
774 932 900 969 Multo
932 933 1056 981 magis
1082 944 1192 981 reges
1218 931 1292 968 hoc
1322 931 1548 980 exigerent2
1578 930 1625 967 de

290 1005 398 1053 legiis
430 1004 508 1041 suis
537 1005 739 1053 indigenis,
771 1010 807 1041 et
839 1003 1054 1053 specialiter
1086 1002 1207 1040 Cesar
1239 1002 1286 1039 de
1320 1014 1390 1039 suo
1424 1001 1625 1039 sacerdote

291 1087 408 1125 quem
429 1088 451 1112 a
469 1075 556 1114 Deo
577 1075 892 1113 condicionaliter
912 1076 964 1112 sic
986 1074 1138 1111 dotavit.
1198 1073 1400 1120 Quantum
1421 1072 1471 1110 ad
1491 1072 1625 1110 fratres

290 1152 405 1195 patet,
438 1158 527 1183 cum
555 1146 630 1183 sint
653 1146 877 1183 humanitus
909 1145 1115 1182 inmediate
1147 1145 1219 1182 sub
1249 1156 1351 1193 papa
1381 1150 1417 1181 et
1441 1156 1521 1181 non
1552 1144 1624 1181 sub
1636 1150 1904 1217 Jss}{{{a{,{;t⁵}ss{e

290 1229 498 1266 regnorum
529 1217 730 1267 episcopis,
762 1216 1016 1266 provinciales
1050 1228 1186 1253 eorum
1226 1215 1367 1252 debent
1399 1227 1482 1252 esse
1513 1215 1880 1284 iuratiffssstgsstfiffisslss

238 1296 276 1327 15
290 1289 446 1337 regibus
467 1294 504 1325 et
525 1289 663 1336 regnis,
685 1293 722 1325 et
742 1287 781 1324 in
802 1288 895 1337 ipsis
921 1299 1059 1325 omnes
1080 1293 1117 1324 et
1137 1287 1277 1336 singuli
1308 1298 1443 1324 eorum
1473 1286 1624 1323 subditi.
1638 1286 1769 1352 {13¹3ngss
1771 1287 1872 1346 (ffighe

74 1362 110 1391 0.
289 1358 339 1396 Et
360 1359 390 1396 si
411 1359 571 1396 obicitur
591 1359 697 1408 quod
718 1365 805 1396 sunt
824 1360 927 1396 bone
947 1359 1035 1396 fidei
1067 1358 1154 1396 ideo
1184 1358 1297 1395 nimis
1325 1370 1438 1407 grave
1459 1357 1555 1395 foret
1575 1358 1624 1394 ab
1636 1353 1774 1420 {filgelgfffg
1779 1355 1905 1421 iffi&

288 1431 342 1468 eis
381 1431 535 1479 exigere
573 1430 795 1468 insolitum3
833 1430 1103 1476 iuramentum,
1132 1429 1203 1467 hec
1244 1429 1442 1466 evidencia
1478 1429 1518 1466 in
1557 1441 1623 1466 ore
1635 1420 1709 1449 their
1727 1422 1902 1457 provincials.

287 1502 561 1550 episcoporum
581 1501 738 1538 haberet
758 1501 995 1538 evideneiam
1024 1500 1212 1538 maiorem
1233 1500 1282 1537 ad
1302 1512 1445 1549 papam
1466 1500 1625 1550 quando

73 1579 154 1609 Fol.
166 1581 234 1609 165
245 1588 276 1610 a.
290 1572 433 1622 incepit
454 1573 503 1609 ab
523 1572 578 1609 eis
598 1574 751 1622 exigere
766 1572 987 1610 huiusmodi
1005 1570 1023 1592 '¹‘
1041 1572 1308 1609 iuramentum.
1358 1572 1409 1608 Et
1430 1584 1499 1621 per
1518 1571 1624 1608 idem

238 1659 277 1681 20
291 1656 372 1680 non
405 1643 539 1680 fierent
570 1643 784 1681 iuramenta
822 1643 977 1692 privatis
1012 1643 1223 1680 ordinibus.
1282 1642 1383 1680 Cum
1414 1643 1528 1691 igitur
1560 1655 1624 1680 ne-

289 1714 414 1751 sciunt
443 1714 577 1752 tollere
607 1714 698 1751 istas
727 1714 936 1752 instancias
964 1726 1036 1751 nec
1062 1720 1252 1763 repugnat
1281 1714 1357 1763 legi
1376 1713 1537 1751 Domini
1569 1714 1623 1751 sic

287 1785 410 1822 iurare
441 1785 657 1834 procedant
688 1786 737 1823 ad
769 1785 1050 1822 diffamandum
1084 1785 1329 1822 serenitatem
1361 1784 1450 1822 fidei
1485 1797 1552 1822 sue
1583 1785 1622 1822 in

287 1856 434 1905 populo
468 1868 557 1893 cum
588 1856 619 1893 si
654 1857 728 1894 hoc
763 1857 938 1893 abimunt
972 1862 1059 1893 sunt
1095 1856 1272 1905 suspecti.
1329 1855 1461 1893 Potest
1493 1862 1620 1894 autem
1633 1861 1902 1928 Ξίτῐξὲῐξεξξζζης

287 1939 405 1964 omne
435 1939 556 1977 genus
587 1927 823 1977 prodicionis
853 1939 1062 1976 regnorum
1094 1927 1133 1963 in
1163 1927 1408 1964 societatibus
1429 1926 1506 1964 istis
1526 1940 1618 1964 con-
1631 1929 1870 1996 ξέἵῗοξντίἶέτὲῖξέῗ

235 2010 273 2041 25
288 1997 447 2046 tingere,
470 2011 560 2035 cum
580 2005 740 2047 possent
759 1999 954 2036 veritatem
974 1998 1139 2047 prodere
1159 2004 1197 2035 et
1217 1998 1270 2035 sic
1291 2010 1464 2047 regnum.
1516 1997 1620 2035 Nam
1633 1997 1888 2063 ffiypgffijggffffw

290 2075 452 2118 possunt
472 2069 668 2118 insurgere
691 2070 737 2107 de
758 2082 838 2107 uno
859 2069 992 2107 ordine
1014 2069 1090 2107 duo
1111 2069 1365 2118 provinciales
1389 2069 1455 2119 qui
1475 2069 1619 2107 nedum
1632 2064 1777 2130 {⁴ssssssssss
1777 2065 1871 2124 dats-¹15¹&

1629 2132 1677 2157 the
1689 2133 1770 2157 order
1783 2132 1806 2158 is
1818 2138 1867 2158 not

1632 2171 1661 2191 to
1671 2165 1706 2191 be
1718 2166 1857 2198 punished

288 2211 385 2248 inter
404 2223 526 2260 papas
557 2217 594 2248 et
623 2224 694 2260 per
715 2223 957 2260 consequens
988 2211 1096 2260 regni
1124 2211 1238 2248 nimis
1268 2212 1494 2260 perturbent
1519 2224 1618 2249 rem·
1630 2199 1819 2260 ξζᾌῂῗξξζῖἐῑ
1837 2200 1869 2226 Of

288 2153 335 2177 ex
364 2140 552 2178 divisione
582 2153 652 2178 sua
681 2141 886 2178 intrinseca
905 2140 972 2178 sed
992 2152 1039 2177 ex
1064 2140 1249 2178 divisione
1279 2140 1498 2178 inordinata
1518 2140 1617 2178 faeta

288 2282 493 2331 publicam.
550 2282 717 2320 Possunt
736 2282 858 2320 eciam
879 2289 959 2320 tam
978 2282 1018 2319 in
1037 2282 1202 2332 publicis
1226 2283 1476 2319 *sermonibus
1501 2294 1620 2331 quam

236 2367 277 2398 30
289 2353 329 2389 in
359 2353 514 2402 privatis
547 2353 910 2391 interlocucionibus
941 2365 1172 2391 conmovere
1201 2353 1357 2402 plebem
1376 2354 1416 2390 in
1437 2353 1619 2391 dominos

288 2430 326 2461 et
346 2423 489 2461 clerum
509 2424 549 2460 in
569 2423 701 2469 laicos,
724 2431 761 2462 et
782 2430 908 2473 preter
937 2424 1105 2462 offensas
1135 2424 1366 2474 proditorias
1396 2424 1618 2474 personales

288 2494 409 2532 factas
429 2495 468 2531 in
487 2495 609 2544 patria
624 2501 782 2544 possent
802 2507 891 2532 cum
911 2495 1086 2533 hostibus
1106 2495 1305 2532 forinsecis
1326 2496 1559 2544 conspirare,
1581 2503 1618 2534 et

289 2565 391 2603 facto
412 2565 561 2603 defectu
584 2572 886 2616 quantocunque
913 2573 1044 2616 aperte
1075 2567 1264 2605 consorcii
1295 2567 1404 2604 inniti
1437 2567 1496 2604 isti
1526 2567 1619 2605 luci-

289 2636 410 2674 ferino
433 2637 630 2686 porismati
657 2637 763 2687 quod
787 2649 868 2674 non
899 2644 1056 2686 propter
1085 2646 1288 2687 peccatum
1314 2649 1480 2687 persone
1507 2637 1621 2676 debet

331 2727 343 2745 l

366 2728 531 2770 intelligit,
549 2739 610 2760 om,
628 2737 661 2760 Α.
750 2728 762 2745 ²
784 2740 867 2760 corr.
885 2729 970 2760 Edd.
981 2734 1045 2771 pro
1060 2729 1253 2769 exsiderent,
1271 2738 1306 2769 A,
1324 2737 1355 2762 B.
1447 2729 1458 2747 ³
1482 2729 1620 2761 solitum

281 2788 345 2825 pro
361 2783 538 2823 insolitum,
555 2792 588 2815 A.
