2051 3299
195 206 277 248 216
885 213 950 244 DE
981 212 1174 244 OFF1cro
1206 212 1361 244 Rnors.

472 317 561 368 quia
588 317 736 356 Eccles.
761 319 897 368 quinto
924 318 1081 356 dicitur:
1118 317 1168 355 Sz'
1183 319 1319 354 videris
1339 318 1570 366 calumpnias
1590 329 1794 366 egenorum,
1810 321 1941 354 Eccl.v.
1961 327 1991 362 7.

471 395 505 426 el
516 391 672 427 violenta
689 391 840 436 iudicia,
856 394 889 426 el
900 390 1066 427 subverti
1075 390 1259 426 iusticiam
1277 389 1316 424 z'n
1330 389 1542 437 provincia,
1561 401 1632 425 non
1648 389 1798 425 mireris

471 467 580 509 super
598 461 663 497 hoc
683 462 826 509 negocio
842 474 861 504 ,·
891 462 979 509 quz'a
999 461 1138 498 excelso
1158 460 1338 497 excelsior
1357 459 1455 495 alius
1476 463 1536 504 est,
1557 464 1590 496 el
1606 466 1716 508 super
1735 460 1799 496 hos

471 545 609 581 quoque
627 533 883 568 emz'nencz‘ores
902 536 991 568 sunt
1006 532 1081 568 alz'z'.
1142 530 1248 568 Deus
1268 530 1371 567 enim
1398 530 1507 567 cuius
1534 536 1623 567 sunt
1648 530 1800 568 occulta

472 603 613 640 iudicia
642 609 850 652 expectans
881 602 1179 640 misericorditer
1208 607 1266 639 est
1298 601 1474 650 superior
1506 614 1595 651 rege
1623 607 1732 647 terre,
1764 606 1832 643 et5

473 673 600 722 angeli
622 673 883 711 ministrantes
903 679 1088 722 tanquam
1115 672 1308 722 principes
1334 671 1422 709 huic
1449 671 1529 720 regi
1556 677 1645 708 sunt
1664 677 1801 720 poten-

472 744 594 782 ciores
609 744 821 793 paratiores
834 750 871 780 et
891 744 1120 781 excelsiores
1133 755 1250 792 quam
1270 742 1464 792 principes
1480 742 1638 779 subiecti
1650 749 1803 779 terreno

474 815 657 864 Imperio.
724 815 775 852 Et
803 821 954 864 oportet
984 815 1145 852 omnino
1174 820 1313 851 terram
1343 813 1466 851 deici¹
1498 826 1573 862 que
1602 812 1803 862 peccando

194 894 466 962 ffissggstssvssgriffissff
478 886 730 924 contrariatur
767 885 895 923 divino
937 886 1090 923 iudicio.
1155 884 1354 934 Principes
1400 885 1526 934 itaque
1564 884 1629 934 qui
1668 890 1804 922 contra

194 962 461 1028 sssstlssgssfflussffie.
475 957 710 995 voluntatem
731 956 805 994 Dei
825 957 878 995 sic
903 956 1198 1006 imperfecerant
1220 962 1381 993 matrem
1403 955 1606 993 ecclesiam
1626 961 1802 993 tenentur
1818 963 1858 985 10

193 1030 429 1090 ffiffissgtghssgsse
475 1028 695 1066 amovendo
711 1028 884 1065 inficiens
899 1027 1026 1065 iuvare
1043 1034 1080 1065 et
1094 1027 1287 1065 honorare
1303 1033 1503 1076 parentem
1519 1033 1599 1064 tam
1615 1025 1801 1071 nobilem,

195 1097 463 1163 iflessinffilrptioeelse
475 1099 575 1149 quia,
599 1105 640 1136 ut
661 1105 767 1148 patet
785 1099 825 1135 in
844 1099 1003 1136 materia
1023 1098 1070 1136 de
1091 1110 1297 1143 consensu,
1322 1098 1386 1147 qui
1409 1096 1427 1116 '¹‘
1449 1097 1656 1135 emendare
1676 1102 1803 1147 potest
1815 1104 1863 1133 45
1880 1112 1912 1133 a.

195 1164 238 1190 ⁵³¹¹
248 1165 280 1191 0f
288 1169 414 1192 consent.
474 1176 510 1208 et
530 1170 687 1220 negligit
706 1171 850 1219 absque
867 1170 985 1207 dubio
1001 1169 1127 1207 delicti
1147 1170 1373 1219 participem
1390 1181 1428 1206 se
1445 1169 1573 1218 ipsum
1594 1168 1804 1206 constituit.

475 1241 596 1289 Quod
622 1241 653 1279 si
680 1241 803 1290 pietas
826 1247 955 1278 movet
979 1240 1230 1290 multiplicare
1257 1241 1296 1277 in
1321 1240 1482 1278 ecclesia
1507 1240 1651 1277 clerum
1679 1238 1803 1284 Cristi,

474 1313 641 1350 habeant
660 1324 773 1349 usum
793 1312 927 1351 talium
948 1311 1219 1361 temporalium
1240 1308 1534 1360 integumentis2
1554 1317 1592 1348 et
1612 1310 1803 1347 alimentis
1824 1319 1862 1351 15

476 1389 600 1421 stante
637 1383 799 1421 consilio
838 1382 962 1429 Cristi,
997 1383 1091 1420 sicut
1128 1383 1168 1420 in
1200 1382 1392 1427 fratribus,
1425 1388 1597 1419 resecato
1632 1381 1805 1419 dominio

476 1455 575 1492 civili
608 1455 724 1492 vetito
757 1466 806 1491 ne
840 1453 1071 1492 elemosinas
1099 1453 1271 1491 videatur
1302 1453 1376 1502 legi
1409 1453 1469 1490 dei
1500 1452 1617 1490 instar
1645 1451 1804 1489 sathane

196 1532 437 1593 fffhtzgekgffiffsnffi
477 1526 676 1564 contraire.
744 1524 861 1562 Unde
900 1524 1048 1562 videtur
1084 1524 1180 1561 mihi
1219 1523 1326 1573 quod
1363 1523 1626 1573 neglegencia,
1664 1529 1702 1560 et
1739 1535 1807 1572 per

196 1601 370 1660 ἓζίῐὶῐτὲἷῑιῗτ
380 1600 466 1666 {jhey
478 1609 722 1646 consequens
750 1608 977 1642 consensus,
997 1595 1156 1632 fratrum
1179 1595 1219 1632 in
1243 1594 1412 1632 iuvando
1441 1600 1614 1632 sanctam
1643 1601 1806 1632 matrem

197 1667 466 1727 ξξὲξξῖῗῗᾞζξόῑε
478 1668 680 1707 ecclesiam
712 1667 759 1705 sit
790 1667 829 1704 in
864 1667 937 1704 isto
976 1679 1069 1704 casu
1099 1666 1370 1716 dampnabilis,
1402 1666 1491 1716 quia
1521 1678 1609 1703 cum
1640 1678 1688 1703 ex
1718 1678 1805 1715 pro·
1823 1675 1863 1697 20

197 1733 439 1801 (οἷὲζὲξιξξὲςζξξέῒ
479 1739 645 1776 sessione
661 1738 817 1788 propria
833 1737 975 1774 debent
991 1737 1086 1775 scire
1104 1736 1208 1787 quod
1228 1737 1267 1773 in
1283 1737 1358 1774 hoc
1377 1736 1629 1774 honoraretur
1648 1737 1810 1775 ecclesia

477 1816 515 1847 et
542 1809 616 1858 ipsi
645 1809 733 1858 igne
763 1808 926 1846 caritatis
956 1808 1107 1846 accensi
1136 1820 1185 1845 ex
1204 1808 1339 1845 virtute
1370 1807 1611 1856 quadruplici
1639 1808 1808 1857 precepti

477 1879 729 1916 assimilarent
758 1890 826 1915 sue
856 1877 1087 1927 perfeccioni
1117 1884 1305 1926 quantum
1336 1877 1560 1914 sufficerent.
1620 1865 1681 1915 Sic
1706 1877 1809 1914 enim
1824 1889 1871 1919 Y,

479 1950 592 1987 docet
623 1962 696 1987 nos
723 1949 825 1998 ignis
849 1949 916 1998 qui
945 1949 1075 1986 nititur
1099 1948 1309 1986 assimilare
1337 1948 1408 1986 sibi
1438 1948 1594 1997 ignibile
1622 1954 1810 1998 quantum

477 2026 616 2070 potest.
672 2021 723 2057 Et
742 2033 809 2057 vas
833 2020 1038 2057 eleccionis
1065 2019 1206 2057 clamat
1235 2019 1346 2057 nobis
1366 2018 1452 2057 Act.
1478 2021 1538 2066 26,
1561 2019 1719 2068 quando
1740 2019 1810 2056 sibi
1822 2022 1906 2053 Acts
1924 2020 2011 2052 xxvi.

478 2092 547 2128 fuit
574 2091 795 2141 impositum
822 2090 1002 2136 insanire,
1027 2090 1131 2139 Opto,
1154 2090 1288 2139 inquit,
1309 2094 1402 2139 apul
1425 2090 1527 2126 deum
1554 2093 1588 2126 el
1609 2091 1649 2126 z'n
1673 2091 1810 2139 modico
1825 2075 1876 2106 ²4'

478 2167 512 2199 el
530 2159 605 2215 [in]
627 2175 761 2211 magno
789 2159 878 2214 [non
907 2158 1068 2212 lantum]
1098 2165 1140 2207 le,
1159 2162 1223 2197 sed
1247 2165 1282 2197 el
1307 2173 1426 2197 omnes
1455 2162 1518 2198 hos
1549 2162 1618 2209 qui
1641 2161 1810 2207 audiunt,

479 2234 582 2270 hodie
597 2234 695 2284 fieri
713 2233 804 2269 tales
831 2233 955 2282 qualis
981 2236 1015 2268 et
1037 2245 1100 2280 ego
1123 2245 1215 2276 sum,
1237 2233 1396 2281 exceptis
1415 2232 1575 2269 vinculis
1595 2233 1690 2268 meis.
1750 2231 1811 2270 Sic

480 2304 584 2341 enim
602 2303 744 2349 Paulus
760 2315 839 2340 non
857 2303 1003 2352 optavit
1025 2309 1184 2340 cunctos
1203 2302 1287 2340 illos
1303 2315 1387 2340 esse
1402 2303 1580 2352 virgines,
1599 2302 1808 2352 apostolos,

481 2375 540 2412 vel
570 2375 738 2419 clericos,
760 2374 828 2411 sed
854 2380 1043 2424 quantum
1070 2373 1119 2411 ad
1139 2374 1363 2412 essencialia
1383 2374 1471 2411 fidei
1492 2375 1666 2423 pertinet,
1689 2374 1810 2423 dupli·
1826 2392 1867 2423 30

203 2456 273 2488 Not,
287 2455 320 2482 os
329 2464 436 2485 course,
484 2447 594 2484 citate
615 2446 844 2495 postposita,
864 2446 1078 2483 cristianos.
1138 2445 1200 2483 Sic
1221 2445 1378 2495 quilibet
1397 2444 1512 2482 frater
1538 2445 1596 2483 vel
1615 2446 1812 2495 presbyter

203 2490 265 2515 that
277 2498 416 2521 everyone
428 2488 452 2514 is

203 2523 442 2582 sseffiicicc'ffiiriar
482 2517 686 2567 predicans
725 2516 870 2566 populo
907 2516 1021 2554 debet
1059 2517 1099 2553 in
1134 2528 1175 2554 se
1218 2528 1365 2553 servare
1409 2516 1525 2553 fidem
1566 2515 1678 2554 Cristi
1715 2517 1812 2554 inte-

204 2590 438 2649 ξὲἑξξῗὲῗζνεῐτγ-
482 2600 603 2637 gram,
623 2593 661 2625 et
686 2587 800 2625 talem
824 2587 1079 2636 integritatem
1106 2587 1145 2624 in
1171 2587 1317 2637 populo
1343 2588 1532 2625 affectare.
1591 2587 1684 2625 Non
1709 2588 1813 2625 enim

203 2657 333 2717 gffrffife
353 2632 424 2682 &13¹
442 2656 634 2709 0foportet
662 2659 721 2696 vel
759 2659 915 2708 expedit
953 2659 1058 2709 quod
1097 2671 1233 2697 omnes
1265 2660 1340 2697 sint
1370 2659 1645 2697 conventiculis
1675 2672 1812 2709 expro-

485 2730 663 2779 prietarie
692 2730 900 2767 viventium
936 2730 1128 2776 vinculati,
1163 2731 1253 2780 quia
1288 2737 1421 2780 posset
1455 2731 1678 2779 contingere
1708 2729 1812 2779 quod
1827 2743 1866 2776 35

528 2806 537 2824 ¹
554 2805 680 2838 deicere
696 2810 760 2847 pro
777 2806 872 2845 deici,
887 2813 920 2837 Α.
988 2804 1000 2822 ²
1023 2805 1227 2847 integritatis,
1246 2815 1277 2844 A,
1295 2814 1337 2846 133
1359 2805 1599 2848 integumentis,
1612 2816 1692 2838 corr.
1704 2806 1789 2837 Edd.
