2051 3299
639 229 702 260 DE
735 227 929 260 OFFICIO
962 227 1115 259 REGIS.
1752 228 1775 257 2
1781 229 1832 270 33

226 335 427 373 cacionem
447 333 667 380 humanam,
692 345 781 371 cum
808 333 854 370 sit
882 332 1074 369 infinitum
1104 330 1250 368 facilior
1277 337 1314 368 et
1342 331 1543 380 parvipen-
1560 343 1835 375 manications‚with

411 405 417 412 .
445 404 451 411 .
939 402 945 409 .
1022 402 1028 409 .
1088 402 1095 409 .
1159 401 1164 407 .
1195 401 1201 408 .
1468 401 1474 408 .
1564 387 1600 404 no
1613 378 1707 403 divine
1724 386 1834 404 excom-

224 405 351 442 denda
382 417 454 441 rusl
484 403 531 440 de
563 410 707 452 quanto
739 414 1097 441 excomumcamom
1130 401 1254 438 divine
1287 402 1738 446 substern1tur‚municat10n

225 475 418 513 satisfacto
453 474 526 512 deo
560 473 784 522 contempni
823 472 937 510 debet
974 472 1111 508 iniuste
1149 471 1468 516 excomunicans,
1505 471 1551 508 de
1565 444 1832 537 {giisffitlffittffssm'

225 551 370 595 quanto
390 552 469 582 tam
489 545 733 593 peccabinter
753 549 790 580 et
809 543 910 580 fatue
931 542 1204 580 excomunicat
1226 542 1489 590 semetipsum,
1515 547 1551 578 et
1563 544 1815 603 ggffivrvnpgraphffise

193 625 211 657 5
224 622 354 652 tamen
368 613 380 633 ¹
399 615 505 663 diligi
527 614 640 652 debet
661 620 797 651 natura
816 619 853 650 et
874 612 993 650 doleri
1013 611 1119 662 quod
1140 618 1325 661 aggravat
1345 618 1550 661 peccatum
1563 610 1640 669 ἄξῃ
1641 619 1803 669 {³10¹10111102

224 685 424 734 proprium
471 685 700 734 peccuniam
745 683 1028 721 excomunicati
1082 682 1220 720 siciens
1274 689 1353 719 tam
1402 682 1550 720 dolose.

222 754 385 792 Videtur
423 755 529 804 quod
568 755 682 792 debet
726 751 974 791 sufferend0²
1011 758 1364 802 quantamcumque
1408 765 1551 802 penam
1566 759 1593 784 It
1605 758 1743 791 isaduty
1756 764 1785 785 to

1565 792 1670 818 remain
1683 793 1773 818 under

224 838 380 863 manere
400 825 439 862 in
466 825 530 863 tali
562 824 928 865 excomunicacione
960 835 1041 862 non
1073 822 1274 860 reddendo
1308 823 1379 860 sibi
1414 834 1552 872 peccu-
1564 826 1812 890 *cvgssffifltgligsson'

225 896 341 941 niam,
374 896 464 945 quia
498 896 606 933 aliter
634 895 822 932 videretur
855 900 1016 943 peccato
1046 893 1097 930 illi
1131 894 1386 931 consenciens
1416 893 1553 930 timore
1566 891 1819 952 ἓξὲξνξὲξέἕξῑὲῐῇ

173 976 212 997 10
224 978 335 1015 pene,
373 972 410 1003 et
447 977 594 1014 augens
633 965 735 1002 sitim
782 965 944 1002 avaricie
992 964 1195 1002 exactoris.
1272 963 1374 1001 Cum
1422 958 1659 1000 autemt055ss·

224 1036 362 1073 sufficit
392 1036 441 1073 ad
471 1036 633 1073 salutem
664 1035 814 1072 credere
830 1035 843 1055 ³
863 1035 903 1071 in
932 1033 1135 1072 dominum
1157 1034 1289 1071 Iesum
1314 1034 1493 1080 Cristum,
1516 1040 1554 1070 et

223 1106 421 1144 absolucio
469 1105 603 1143 frivola
641 1112 697 1143 est
736 1111 941 1154 peccatum
988 1104 1252 1154 duplicitatem
1300 1104 1551 1153 sophisticam

223 1176 422 1222 inducens,
444 1183 481 1213 et
501 1176 556 1213 sic
576 1187 724 1213 nocens
746 1175 976 1224 simpliciter,
999 1175 1037 1211 in
1059 1174 1198 1212 talibus
1224 1180 1355 1212 tamen
1369 1174 1383 1193 4
1403 1180 1553 1223 oportet

225 1258 357 1284 cavere
396 1245 502 1295 quod
535 1245 850 1284 excomunicatus
888 1244 1028 1283 habeat
1074 1251 1219 1283 rectam
1267 1245 1552 1282 conscienciam

172 1326 210 1359 15
225 1329 303 1366 quo
328 1316 377 1354 ad
401 1316 527 1363 deum,
555 1328 635 1353 non
662 1316 828 1353 innitens
848 1328 914 1353 sue
934 1315 1144 1365 prudencie
1168 1315 1345 1353 cavendo
1369 1315 1549 1364 precipue

223 1388 272 1425 ab
293 1387 364 1425 ista
392 1386 591 1424 blasfemia
620 1386 893 1435 pseudocristi:
925 1385 1064 1435 ‘Ipse⁵
1092 1386 1252 1435 precipit
1282 1386 1354 1424 hoc
1383 1386 1462 1424 fieri
1490 1386 1551 1423 vel

222 1458 489 1496 excomunicat
526 1456 785 1495 rebellantem.
842 1456 949 1506 Ergo
981 1456 1056 1494 hoc
1094 1463 1150 1494 est
1188 1456 1419 1494 racionabile
1457 1462 1552 1506 aput

223 1528 353 1565 Deum
366 1528 402 1565 ‘³2
467 1527 674 1577 Speculum
695 1533 822 1565 autem
843 1526 1105 1576 cognoscendi
1124 1527 1321 1564 veritatem
1347 1526 1552 1564 voluntatis

224 1599 350 1636 divine
371 1605 426 1636 est
446 1598 647 1636 instinctus
667 1610 715 1635 ex
734 1598 840 1635 bono
861 1609 977 1646 opere
998 1604 1035 1635 et
1056 1609 1193 1635 sensus
1221 1597 1418 1646 scripture,
1439 1603 1476 1635 et
1497 1597 1552 1634 sic

174 1681 214 1704 20
226 1668 521 1706 excomunicato
553 1681 633 1706 non
665 1668 714 1705 ad
740 1668 952 1705 humanum
984 1667 1051 1705 sed
1079 1667 1248 1704 divinum
1277 1666 1467 1716 refugium
1497 1673 1554 1704 est

227 1739 470 1784 currendum,
491 1739 563 1776 nisi
583 1738 680 1776 forte
700 1744 741 1775 ut
760 1738 880 1776 homo
900 1738 1002 1775 iuvet
1020 1738 1200 1776 oracione
1219 1737 1278 1775 vel
1304 1737 1555 1777 absolucione

227 1809 505 1855 sacramentali,
538 1821 619 1846 non
654 1809 742 1846 dico
774 1815 953 1857 oportere
986 1809 1036 1846 ab
1066 1809 1400 1854 excomunicante,
1434 1808 1503 1846 sed
1534 1820 1556 1845 a

9 1889 52 1918 D.
226 1880 397 1929 quolibet
436 1880 644 1917 sacerdote.
722 1879 772 1916 Et
810 1885 913 1928 patet
959 1891 1077 1928 quam
1115 1879 1361 1928 impossibilis
1398 1885 1456 1916 est
1493 1878 1556 1915 illa
1569 1879 1824 1946 ffigffigfitffgegm-

226 1950 561 2000 pseudocristiana
591 1949 790 1987 blasfemia
818 1950 918 1998 quia,
942 1955 1031 1999 post
1060 1950 1367 1988 reservacionem
1401 1949 1555 1988 absolu·
1569 1947 1623 2006 3105
1629 1947 1820 2013 ggffisgfsffig

176 2042 213 2075 25
227 2021 350 2059 cionis
369 2021 658 2067 infundabilem‚
688 2027 730 2058 ut
758 2020 820 2058 lex
841 2021 1026 2066 statuitur,
1047 2020 1151 2070 quod
1180 2021 1399 2070 quicunque
1424 2021 1464 2057 in
1490 2033 1555 2058 ex·
1568 2013 1829 2073 {Jssffigsszffig‘fijzgtr-

228 2092 544 2129 comunicacione
557 2092 571 2112 ⁷
597 2091 845 2129 celebraverit
864 2103 911 2129 eo
931 2092 1015 2141 ipso
1043 2091 1258 2140 irregularis
1278 2097 1314 2128 et
1333 2091 1557 2129 excomuni-
1570 2080 1838 2139 ζῐζῇξξζζῗξῇζξξζ·

229 2162 444 2200 catissimus
475 2168 686 2200 censeatur.
744 2160 905 2208 Cristus,
932 2161 1103 2211 inquam,
1139 2173 1220 2199 non
1253 2161 1456 2199 reservavit
1485 2161 1555 2198 sibi
1570 2147 1781 2212 ἓῗνῑξξζςεζζξ,

228 2231 518 2270 absolucionem
547 2232 675 2278 talem,
697 2244 770 2270 nec
799 2232 924 2269 sciunt
953 2243 1071 2281 quare
1100 2232 1234 2281 pocius
1253 2231 1294 2268 in
1313 2231 1448 2268 mortis
1469 2231 1556 2268 arti·
1569 2213 1817 2278 {ssffefixssf'ssnssssfu'

11 2315 61 2344 48
76 2314 113 2345 b.
229 2302 316 2340 culo
345 2302 505 2352 quilibet
529 2301 547 2321 *
573 2302 756 2343 sacerdos
788 2302 904 2339 habet
932 2301 1152 2351 potenciam
1182 2301 1409 2339 absolvendi
1439 2313 1557 2351 quam
1569 2279 1838 2344 ᾗῗοῗὲιῗιὲξὲῗοιγ

175 2390 216 2424 30
228 2385 296 2422 per
328 2378 428 2411 ante.
485 2372 536 2410 Et
569 2373 708 2410 iterum
741 2372 1060 2410 excomunicatus
1094 2384 1142 2409 ex
1180 2371 1424 2410 confessione
1463 2371 1558 2420 legis
1570 2345 1837 2438 Ξειῖἕιῗεςὲἶπῗυῗιῗηί-

229 2443 383 2493 proprie
421 2449 478 2480 est
515 2455 563 2480 ex
602 2443 656 2480 eis
690 2442 809 2480 dubio
841 2442 1015 2480 sanccior
1048 2454 1167 2491 quam
1201 2454 1270 2491 per
1300 2448 1387 2479 ante
1421 2447 1459 2479 et
1492 2453 1560 2490 per

231 2524 473 2562 consequens
516 2512 762 2550 temerarium
809 2511 906 2550 foret
952 2517 1033 2549 tam
1080 2518 1258 2549 sanctum
1305 2511 1560 2548 ministerium

232 2582 530 2633 condempnare.
585 2582 635 2620 Et
656 2582 718 2620 hic
740 2582 916 2620 dubitant
945 2581 1061 2631 logici
1080 2580 1220 2618 Utrum
1240 2593 1341 2630 papa
1360 2587 1487 2630 potest
1507 2582 1559 2619 ita
1571 2586 1839 2653 gffifffflctiffgssope

275 2695 286 2713 ¹
309 2706 384 2727 cum
407 2700 471 2736 pro
493 2699 615 2736 tamen,
632 2703 664 2728 B.
775 2695 788 2713 ²
810 2694 1006 2735 sufferenter,
1023 2695 1062 2726 in
1085 2705 1188 2735 marg.
1206 2702 1237 2726 B.
1349 2694 1361 2712 ³
1385 2695 1507 2731 cedere,
1524 2702 1559 2726 A.

231 2746 243 2764 4
266 2757 341 2778 cum
357 2751 422 2788 pro
438 2751 556 2784 tamen,
573 2755 604 2780 B.
705 2747 717 2765 ⁵
740 2747 823 2788 ipse,
840 2757 899 2778 om.
918 2754 951 2779 A.
1051 2747 1063 2765 ⁶
1085 2747 1207 2785 Deum,
1223 2756 1283 2777 om.
1302 2754 1335 2777 A.
1434 2744 1447 2762 ⁷
1469 2756 1559 2777 com-

229 2798 464 2837 municacione,
486 2806 520 2829 A.
