2051 3299
165 246 221 288 52
869 244 935 276 DE
967 243 1161 276 oFF1c10
1194 242 1350 275 REGIS.

442 350 614 387 inficiunt
647 361 777 387 secum
811 355 1081 387 conversantes
1116 348 1352 394 defensione,
1383 346 1680 396 approbacione,
1713 345 1773 383 vel

443 420 628 469 arguendi
652 420 926 466 ommissione;
949 426 984 457 et
1001 425 1160 469 propter
1179 418 1469 456 vehemenciam
1489 418 1600 455 huius
1615 416 1773 466 periculi

442 497 529 528 sunt
556 503 664 539 reges
694 496 730 528 et
759 502 895 528 eorum
925 490 1084 527 consilia
1110 489 1316 538 prudenter
1350 489 1561 527 secundum
1594 488 1769 525 ordinem

162 568 370 636 gffttshessttghfgy
373 578 420 595 are
440 562 638 611 ewangelii
654 560 671 580 *
686 574 754 611 per
782 561 986 610 episcopos
1014 560 1212 610 arguendi.
1271 560 1450 597 Secundo
1479 558 1765 597 considerarent
1779 570 1860 600 Fol.
1876 571 1939 600 119
1958 578 1991 602 a,

162 636 248 662 work.
440 644 550 682 reges
584 631 688 680 quod
720 632 939 669 sacerdotes
972 631 1030 668 sui
1062 631 1260 668 domestici
1298 643 1379 667 non
1417 630 1517 667 sint1
1549 629 1599 667 ad
1637 628 1768 667 laicale
1784 649 1802 680 5

439 703 608 740 officium
629 702 786 740 limitati.
814 702 929 748 Nam,
953 708 993 739 ut
1013 701 1164 739 ostendi
1185 702 1278 739 alias
1296 700 1328 746 *,
1351 701 1477 738 minus
1498 700 1643 737 malum
1664 706 1764 737 esset
1775 714 1817 742 12
1834 722 1864 744 0,

439 773 545 823 quod
565 773 839 822 exproprietati
866 773 991 810 forent
1012 785 1034 809 a
1054 772 1202 810 clericis
1218 773 1452 822 quicumque
1473 771 1642 809 redditus
1662 770 1772 819 regni

439 845 559 882 nostri
586 856 703 893 quam
730 844 835 893 quod
857 843 983 881 clerici
1010 844 1121 892 regis,
1143 849 1180 880 et
1208 843 1422 891 specialiter
1441 842 1624 891 episcopi,
1645 841 1772 880 forent

440 916 492 953 sic
517 915 567 952 ad
585 915 731 953 laicalia
749 914 849 963 regis
871 914 995 951 officia
1014 914 1173 951 limitati.
1202 913 1315 951 Tunc
1335 913 1440 950 enim
1458 913 1626 951 viverent
1646 912 1772 951 clerici

442 987 489 1024 de
509 986 614 1035 puris
630 985 800 1031 decimis,
815 985 1085 1022 oblacionibus
1098 985 1157 1022 vel
1169 983 1182 1003 ²
1201 985 1357 1033 privatis
1371 984 1601 1029 elemosinis,
1617 984 1712 1021 sicut
1731 984 1771 1021 in
1787 997 1826 1019 10

440 1057 556 1094 veteri
585 1063 825 1102 testamento,
848 1062 885 1093 et
913 1068 980 1093 rex
1009 1055 1166 1093 haberet
1196 1055 1242 1092 de
1269 1055 1479 1093 redditibus
1505 1054 1608 1093 clero
1632 1067 1772 1104 appro-

161 1138 217 1196 ξφ
228 1137 407 1197 ἷᾶῑῑὲςῑιὴειη
438 1128 570 1177 priatis
598 1128 700 1165 unde
733 1127 968 1165 conduceret
996 1127 1191 1164 ministros
1224 1126 1400 1176 ydoneos
1439 1126 1489 1163 ad
1519 1126 1773 1163 ministerium

159 1177 415 1265 ὲίἑέττιέἰὲνέῑέἰῑῗύω
436 1199 581 1245 laicale,
603 1205 640 1236 et
674 1198 727 1236 sic
763 1198 933 1247 undique
969 1204 1207 1247 ponerentur
1239 1203 1368 1246 partes
1407 1196 1564 1234 ecclesie
1598 1197 1638 1233 in
1672 1202 1773 1234 statu

158 1272 294 1331 {³3}vassss
306 1272 553 1332 Rigifsgr-quem
588 1269 682 1307 deus
715 1269 887 1306 instituit.
940 1268 990 1306 Et
1010 1268 1101 1305 illud
1128 1268 1386 1317 periculosum
1414 1267 1627 1316 periculum
1648 1279 1692 1304 ac
1712 1266 1770 1303 in-

159 1339 403 1366 festedrevenues·
437 1340 702 1389 separabiliter
736 1339 1001 1389 symoniacum
1034 1339 1177 1376 debent
1208 1338 1379 1388 episcopi
1410 1338 1610 1386 diligenter
1643 1338 1769 1375 dicere
1787 1344 1823 1375 Ι5

436 1411 516 1460 regi
537 1423 619 1457 suo,
641 1423 730 1448 cum
753 1416 864 1448 sonat
884 1411 923 1446 in
946 1410 1031 1459 plus
1051 1409 1306 1459 periculosam
1325 1409 1591 1458 prodicionem
1611 1409 1711 1457 regis
1732 1415 1769 1446 et

435 1482 543 1530 regni
578 1493 695 1531 quam
728 1482 758 1518 si
789 1481 979 1530 quotlibet
1013 1480 1142 1518 hostes
1175 1480 1396 1529 corporales
1430 1492 1563 1529 regem
1597 1487 1769 1518 nostrum

435 1552 659 1590 invaderent
687 1559 725 1590 et
750 1559 829 1589 tam
856 1564 1022 1601 corpora
1050 1551 1332 1601 regnicolarum
1362 1563 1480 1600 quam
1510 1551 1769 1588 substanciam

436 1624 517 1661 eius
555 1623 803 1661 destruerent.
860 1622 1004 1660 Anima
1035 1622 1137 1659 enim
1169 1621 1381 1671 specialiter
1419 1622 1520 1672 regis
1559 1621 1770 1660 custodiri³

435 1694 549 1732 debet
570 1695 619 1731 ab
632 1695 646 1714 4
665 1694 856 1731 infinitum
881 1693 1015 1731 maiori
1035 1692 1207 1742 periculo
1227 1693 1313 1742 plus
1333 1705 1450 1742 quam
1471 1705 1622 1742 corpus.
1664 1692 1769 1730 Nam
1784 1697 1824 1719 20

435 1772 639 1816 peccatum
677 1765 778 1814 regis
817 1770 855 1802 et
893 1770 1095 1813 peccatum
1133 1764 1242 1812 regni
1281 1763 1320 1800 in
1359 1764 1588 1801 causacione
1636 1770 1769 1801 mutua

155 1843 399 1904 ἒξξῖξὲίὴῗὲῗὴίς
435 1836 650 1873 comuniter
676 1835 746 1873 sibi
773 1841 908 1873 mutuo
935 1834 1239 1884 correspondent
1253 1834 1277 1872 ⁵.
1334 1834 1430 1872 Ideo
1451 1841 1574 1872 totum
1604 1846 1768 1883 regnum

154 1911 397 1971 Ξῖτυῇῑετίὶέεῃξίηε
435 1906 548 1943 debet
575 1906 775 1955 diligenter
801 1905 850 1942 ad
875 1905 1037 1943 salutem
1065 1911 1101 1943 et
1130 1905 1309 1942 virtutem
1339 1905 1441 1955 regis
1473 1905 1668 1943 attendere
1701 1905 1768 1943 sed

154 1978 247 2038 {⁸323er
258 1979 364 2038 1353?th
434 1977 646 2026 specialiter
683 1977 764 2014 eius
803 1976 1015 2014 domestici.
1090 1976 1231 2013 Tercio
1279 1988 1370 2014 vero
1418 1982 1568 2014 notaret
1606 1988 1673 2013 rex
1717 1976 1764 2013 de
1780 1975 1822 2006 G.

154 2045 363 2106 lvssjgssgjffiassh}
378 2046 401 2072 1⁵
433 2047 580 2085 clericis
614 2047 696 2084 eius
733 2047 952 2084 domesticis
986 2046 1092 2096 quod
1127 2047 1201 2084 sint
1233 2046 1376 2096 ydonei
1410 2053 1447 2084 et
1481 2047 1682 2096 diligentes
1717 2047 1766 2084 ad

153 2113 261 2188 foresiin
276 2113 411 2188 ῘΙΞῩΞΞῙΟΠ·
435 2130 547 2155 suum
582 2118 750 2155 officium
784 2118 1068 2167 exequendum.
1125 2115 1342 2155 Ydoneitas
1369 2124 1441 2154 stat
1470 2118 1509 2154 in
1536 2118 1704 2155 sciencia
1729 2125 1767 2155 et

153 2163 290 2256 {¹322}ss
303 2172 421 2263 {5}thss
434 2189 580 2234 virtute,
604 2189 780 2237 oportet6
814 2188 919 2225 enim
954 2200 1092 2225 omnes
1125 2188 1345 2225 sacerdotes
1368 2188 1481 2226 Cristi
1511 2195 1548 2226 et
1581 2189 1767 2238 precipue

154 2265 388 2324 ffiffiissssffgtsshffir
434 2260 640 2309 episcopos
660 2271 898 2308 cognoscere
919 2258 1045 2307 legem
1066 2258 1151 2303 Dei,
1172 2264 1213 2295 ut
1234 2259 1371 2296 diffuse
1391 2259 1551 2308 exposui
1577 2259 1674 2297 libro
1698 2259 1764 2296 vio,

154 2331 283 2391 lvessffissng
297 2332 353 2358 and
436 2330 660 2376 Quomodo,
685 2342 818 2379 queso,
841 2329 1058 2379 regularent
1083 2342 1122 2366 se
1147 2329 1401 2367 excellencius
1426 2330 1637 2367 secundum
1661 2329 1765 2366 illam
1779 2344 1820 2375 30

434 2401 560 2450 legem
600 2401 671 2438 nisi
709 2400 961 2438 excellencius
999 2400 1133 2437 illam⁷
1170 2400 1432 2450 cognoverint,
1468 2400 1526 2437 vel
1564 2400 1766 2449 quomodo

434 2472 556 2509 forent
577 2471 817 2520 exemplares
848 2471 1053 2508 consiliarii
1074 2471 1123 2508 ad
1150 2471 1405 2521 regulandum
1432 2478 1568 2520 gentes
1589 2477 1625 2509 et
1646 2483 1766 2520 regna

434 2542 649 2579 secundum
668 2541 794 2591 legem
814 2541 899 2588 Dei,
921 2542 993 2579 nisi
1014 2541 1221 2591 perfeccius
1242 2542 1492 2590 cognoverint
1512 2542 1639 2590 legem
1659 2541 1765 2580 Dei?

436 2613 539 2659 Quia
570 2624 815 2662 quecumque
846 2613 991 2661 privata
1025 2612 1086 2649 lex
1116 2626 1138 2650 a
1163 2612 1248 2661 lege
1277 2612 1352 2649 Dei
1381 2612 1656 2650 fundacionem
1685 2625 1767 2650 non

435 2683 611 2720 habuerit
654 2683 753 2720 abici
788 2682 902 2720 debet
928 2695 950 2720 a
980 2683 1289 2732 quibuscumque
1324 2683 1512 2729 fidelibus,
1538 2689 1579 2720 ut
1617 2683 1765 2733 iniqua.

479 2777 488 2797 ¹
514 2784 587 2810 sunt
604 2782 667 2820 pro
684 2778 757 2816 sint,
775 2785 810 2808 A.
897 2777 908 2794 ²
931 2781 962 2809 et
973 2782 1036 2818 pro
1053 2779 1116 2816 vel,
1134 2785 1166 2808 Β.
1257 2777 1268 2794 ³
1293 2778 1464 2816 custodire,
1482 2786 1515 2809 Α.
1613 2777 1624 2795 4
1648 2778 1690 2808 ad
1702 2782 1766 2819 pro

435 2831 487 2869 ab,
506 2838 538 2861 A.
629 2830 640 2847 ⁵
664 2841 724 2862 om.
743 2841 823 2869 cor-‚
841 2838 874 2860 A.
964 2829 975 2846 ὅ
997 2841 1058 2862 om.
1078 2834 1220 2871 oportet,
1239 2838 1271 2860 A.
1362 2829 1373 2847 ⁷
1397 2840 1470 2861 eam
1486 2834 1551 2870 pro
1568 2829 1671 2870 illam,
1690 2838 1720 2861 B.
