<?xml version="1.0" encoding="UTF-8"?>
<!DOCTYPE html PUBLIC "-//W3C//DTD XHTML 1.0 Transitional//EN"
    "http://www.w3.org/TR/xhtml1/DTD/xhtml1-transitional.dtd">
<html xmlns="http://www.w3.org/1999/xhtml" xml:lang="en" lang="en">
 <head>
  <title>
</title>
<meta http-equiv="Content-Type" content="text/html;charset=utf-8" />
  <meta name='ocr-system' content='tesseract 3.04.00' />
  <meta name='ocr-capabilities' content='ocr_page ocr_carea ocr_par ocr_line ocrx_word'/>
</head>
<body>
  <div class='ocr_page' id='page_1' title='image "./tractatusdeoffic00wycl_0237.png"; bbox 0 0 2051 3299; ppageno 0'>
   <div class='ocr_carea' id='block_1_1' title="bbox 714 208 1881 242">
    <p class='ocr_par' dir='ltr' id='par_1_1' title="bbox 714 208 1881 242">
     <span class='ocr_line' id='line_1_1' title="bbox 714 208 1881 242; baseline -0.004 0"><span class='ocrx_word' id='word_1_1' title='bbox 714 210 779 241; x_wconf 90' lang='lat' dir='ltr'>DE</span> <span class='ocrx_word' id='word_1_2' title='bbox 811 209 1006 242; x_wconf 90' lang='lat' dir='ltr'><strong>OFFICIO</strong></span> <span class='ocrx_word' id='word_1_3' title='bbox 1039 208 1193 240; x_wconf 89' lang='lat' dir='ltr'><strong>REGIS.</strong></span> <span class='ocrx_word' id='word_1_4' title='bbox 1805 209 1881 238; x_wconf 80' lang='lat'>201</span> 
     </span>
    </p>
   </div>
   <div class='ocr_carea' id='block_1_2' title="bbox 284 312 1890 386">
    <p class='ocr_par' dir='ltr' id='par_1_2' title="bbox 284 312 1890 386">
     <span class='ocr_line' id='line_1_2' title="bbox 284 312 1890 386; baseline -0.002 -35"><span class='ocrx_word' id='word_1_5' title='bbox 284 326 364 352; x_wconf 90' lang='lat' dir='ltr'>non</span> <span class='ocrx_word' id='word_1_6' title='bbox 403 321 561 364; x_wconf 82' lang='lat' dir='ltr'>oportet,</span> <span class='ocrx_word' id='word_1_7' title='bbox 598 315 684 352; x_wconf 86' lang='lat' dir='ltr'>lieet</span> <span class='ocrx_word' id='word_1_8' title='bbox 722 314 902 352; x_wconf 89' lang='lat' dir='ltr'>dominus</span> <span class='ocrx_word' id='word_1_9' title='bbox 940 325 1030 351; x_wconf 90' lang='lat' dir='ltr'>suus</span> <span class='ocrx_word' id='word_1_10' title='bbox 1068 314 1115 350; x_wconf 92' lang='lat' dir='ltr'>sit</span> <span class='ocrx_word' id='word_1_11' title='bbox 1152 312 1327 358; x_wconf 87' lang='lat' dir='ltr'>infidelis,</span> <span class='ocrx_word' id='word_1_12' title='bbox 1364 312 1469 361; x_wconf 92' lang='lat' dir='ltr'>quod</span> <span class='ocrx_word' id='word_1_13' title='bbox 1512 312 1606 349; x_wconf 91' lang='lat' dir='ltr'>fides</span> <span class='ocrx_word' id='word_1_14' title='bbox 1620 320 1890 386; x_wconf 43' lang='grc' dir='ltr'>ἓιέῐηῐῐῆἓιῖιέξῇῗιᾷμ</span> 
     </span>
    </p>
   </div>
   <div class='ocr_carea' id='block_1_3' title="bbox 76 383 1890 474">
    <p class='ocr_par' dir='ltr' id='par_1_3' title="bbox 76 383 1890 474">
     <span class='ocr_line' id='line_1_3' title="bbox 76 383 1890 447; baseline -0.002 -25"><span class='ocrx_word' id='word_1_15' title='bbox 76 401 89 422; x_wconf 95' lang='lat'>1</span> <span class='ocrx_word' id='word_1_16' title='bbox 109 392 185 424; x_wconf 89' lang='lat' dir='ltr'>Cor.</span> <span class='ocrx_word' id='word_1_17' title='bbox 201 391 257 422; x_wconf 85' lang='lat' dir='ltr'>vii.</span> <span class='ocrx_word' id='word_1_18' title='bbox 288 397 356 423; x_wconf 89' lang='lat' dir='ltr'>sua</span> <span class='ocrx_word' id='word_1_19' title='bbox 384 386 430 422; x_wconf 88' lang='lat' dir='ltr'>sit</span> <span class='ocrx_word' id='word_1_20' title='bbox 457 386 561 431; x_wconf 89' lang='lat' dir='ltr'>falsa,</span> <span class='ocrx_word' id='word_1_21' title='bbox 592 391 632 423; x_wconf 91' lang='lat' dir='ltr'>ut</span> <span class='ocrx_word' id='word_1_22' title='bbox 661 385 915 434; x_wconf 85' lang='lat' dir='ltr'>exemplificat</span> <span class='ocrx_word' id='word_1_23' title='bbox 943 384 1139 433; x_wconf 88' lang='lat' dir='ltr'>apostolus</span> <span class='ocrx_word' id='word_1_24' title='bbox 1171 390 1211 419; x_wconf 76' lang='lat' dir='ltr'>Ia</span> <span class='ocrx_word' id='word_1_25' title='bbox 1241 383 1329 421; x_wconf 88' lang='lat' dir='ltr'>Cor.</span> <span class='ocrx_word' id='word_1_26' title='bbox 1362 390 1405 431; x_wconf 86' lang='lat'>70</span> <span class='ocrx_word' id='word_1_27' title='bbox 1435 383 1481 420; x_wconf 94' lang='lat' dir='ltr'>de</span> <span class='ocrx_word' id='word_1_28' title='bbox 1511 395 1606 419; x_wconf 89' lang='lat' dir='ltr'>eon·</span> <span class='ocrx_word' id='word_1_29' title='bbox 1619 387 1890 447; x_wconf 44' lang='lat' dir='ltr'>ffissyfg&#39;rsseoffietggf</span> 
     </span>
     <span class='ocr_line' id='line_1_4' title="bbox 76 444 123 474; baseline 0.021 -9"><span class='ocrx_word' id='word_1_30' title='bbox 76 444 123 474; x_wconf 82' lang='lat'>13.</span> 
     </span>
    </p>
   </div>
   <div class='ocr_carea' id='block_1_4' title="bbox 257 453 1684 928">
    <p class='ocr_par' dir='ltr' id='par_1_4' title="bbox 257 453 1684 928">
     <span class='ocr_line' id='line_1_5' title="bbox 289 453 1684 505; baseline -0.003 -12"><span class='ocrx_word' id='word_1_31' title='bbox 289 457 377 505; x_wconf 88' lang='lat' dir='ltr'>iuge</span> <span class='ocrx_word' id='word_1_32' title='bbox 409 456 551 493; x_wconf 90' lang='lat' dir='ltr'>infideli</span> <span class='ocrx_word' id='word_1_33' title='bbox 590 456 650 493; x_wconf 89' lang='lat' dir='ltr'>cui</span> <span class='ocrx_word' id='word_1_34' title='bbox 689 453 808 493; x_wconf 90' lang='lat' dir='ltr'>alter1</span> <span class='ocrx_word' id='word_1_35' title='bbox 844 455 1036 492; x_wconf 88' lang='lat' dir='ltr'>meritorie</span> <span class='ocrx_word' id='word_1_36' title='bbox 1075 461 1197 491; x_wconf 88' lang='lat' dir='ltr'>servat</span> <span class='ocrx_word' id='word_1_37' title='bbox 1236 455 1364 491; x_wconf 89' lang='lat' dir='ltr'>fidem.</span> <span class='ocrx_word' id='word_1_38' title='bbox 1441 454 1607 503; x_wconf 87' lang='lat' dir='ltr'>Oportet</span> <span class='ocrx_word' id='word_1_39' title='bbox 1619 455 1684 481; x_wconf 88' lang='lat' dir='ltr'>lion.</span> 
     </span>
     <span class='ocr_line' id='line_1_6' title="bbox 289 524 1608 576; baseline -0.003 -12"><span class='ocrx_word' id='word_1_40' title='bbox 289 534 419 564; x_wconf 87' lang='lat' dir='ltr'>tamen</span> <span class='ocrx_word' id='word_1_41' title='bbox 456 527 581 576; x_wconf 90' lang='lat' dir='ltr'>legem</span> <span class='ocrx_word' id='word_1_42' title='bbox 619 525 732 563; x_wconf 88' lang='lat' dir='ltr'>Cristi</span> <span class='ocrx_word' id='word_1_43' title='bbox 771 525 974 574; x_wconf 83' lang='lat' dir='ltr'>utrobique</span> <span class='ocrx_word' id='word_1_44' title='bbox 1013 525 1187 574; x_wconf 81' lang='lat' dir='ltr'>regulare</span> <span class='ocrx_word' id='word_1_45' title='bbox 1225 524 1340 562; x_wconf 98' lang='lat' dir='ltr'>fidem</span> <span class='ocrx_word' id='word_1_46' title='bbox 1378 525 1418 561; x_wconf 87' lang='lat' dir='ltr'>in</span> <span class='ocrx_word' id='word_1_47' title='bbox 1457 524 1608 568; x_wconf 89' lang='lat' dir='ltr'>talibus,</span> 
     </span>
     <span class='ocr_line' id='line_1_7' title="bbox 257 595 1609 647; baseline -0.001 -12"><span class='ocrx_word' id='word_1_48' title='bbox 257 609 378 643; x_wconf 86' lang='lat' dir='ltr'>5cum</span> <span class='ocrx_word' id='word_1_49' title='bbox 415 597 537 646; x_wconf 90' lang='lat' dir='ltr'>legius</span> <span class='ocrx_word' id='word_1_50' title='bbox 575 596 808 647; x_wconf 81' lang='lat' dir='ltr'>quandoque</span> <span class='ocrx_word' id='word_1_51' title='bbox 846 608 893 633; x_wconf 87' lang='lat' dir='ltr'>ex</span> <span class='ocrx_word' id='word_1_52' title='bbox 932 596 1111 633; x_wconf 85' lang='lat' dir='ltr'>fidelitate</span> <span class='ocrx_word' id='word_1_53' title='bbox 1153 608 1271 645; x_wconf 88' lang='lat' dir='ltr'>quam</span> <span class='ocrx_word' id='word_1_54' title='bbox 1305 596 1418 633; x_wconf 90' lang='lat' dir='ltr'>debet</span> <span class='ocrx_word' id='word_1_55' title='bbox 1451 595 1609 633; x_wconf 90' lang='lat' dir='ltr'>domino</span> 
     </span>
     <span class='ocr_line' id='line_1_8' title="bbox 289 665 1610 716; baseline -0.003 -11"><span class='ocrx_word' id='word_1_56' title='bbox 289 668 401 705; x_wconf 90' lang='lat' dir='ltr'>debet</span> <span class='ocrx_word' id='word_1_57' title='bbox 430 668 470 705; x_wconf 90' lang='lat' dir='ltr'>in</span> <span class='ocrx_word' id='word_1_58' title='bbox 501 679 591 705; x_wconf 90' lang='lat' dir='ltr'>casu</span> <span class='ocrx_word' id='word_1_59' title='bbox 622 679 692 705; x_wconf 87' lang='lat' dir='ltr'>suo</span> <span class='ocrx_word' id='word_1_60' title='bbox 722 667 823 716; x_wconf 89' lang='lat' dir='ltr'>legio</span> <span class='ocrx_word' id='word_1_61' title='bbox 854 667 934 715; x_wconf 88' lang='lat' dir='ltr'>regi</span> <span class='ocrx_word' id='word_1_62' title='bbox 966 667 1137 704; x_wconf 90' lang='lat' dir='ltr'>resistere</span> <span class='ocrx_word' id='word_1_63' title='bbox 1167 667 1403 704; x_wconf 83' lang='lat' dir='ltr'>rebellando.</span> <span class='ocrx_word' id='word_1_64' title='bbox 1461 665 1610 714; x_wconf 89' lang='lat' dir='ltr'>Magna</span> 
     </span>
     <span class='ocr_line' id='line_1_9' title="bbox 287 735 1610 788; baseline -0.002 -13"><span class='ocrx_word' id='word_1_65' title='bbox 287 739 414 788; x_wconf 89' lang='lat' dir='ltr'>itaque</span> <span class='ocrx_word' id='word_1_66' title='bbox 453 744 510 775; x_wconf 90' lang='lat' dir='ltr'>est</span> <span class='ocrx_word' id='word_1_67' title='bbox 547 738 602 774; x_wconf 89' lang='lat' dir='ltr'>vis</span> <span class='ocrx_word' id='word_1_68' title='bbox 640 743 678 774; x_wconf 91' lang='lat' dir='ltr'>et</span> <span class='ocrx_word' id='word_1_69' title='bbox 715 737 937 775; x_wconf 85' lang='lat' dir='ltr'>universalis</span> <span class='ocrx_word' id='word_1_70' title='bbox 974 737 1193 786; x_wconf 89' lang='lat' dir='ltr'>indigeneia</span> <span class='ocrx_word' id='word_1_71' title='bbox 1229 736 1325 786; x_wconf 87' lang='lat' dir='ltr'>legis</span> <span class='ocrx_word' id='word_1_72' title='bbox 1364 736 1489 774; x_wconf 91' lang='lat' dir='ltr'>Cristi.</span> <span class='ocrx_word' id='word_1_73' title='bbox 1546 735 1610 772; x_wconf 88' lang='lat' dir='ltr'>Ad</span> 
     </span>
     <span class='ocr_line' id='line_1_10' title="bbox 287 806 1610 857; baseline -0.002 -12"><span class='ocrx_word' id='word_1_74' title='bbox 287 809 444 846; x_wconf 82' lang='lat' dir='ltr'>terciam</span> <span class='ocrx_word' id='word_1_75' title='bbox 474 814 635 857; x_wconf 87' lang='lat' dir='ltr'>negatur</span> <span class='ocrx_word' id='word_1_76' title='bbox 664 807 972 857; x_wconf 88' lang='lat' dir='ltr'>consequencia;</span> <span class='ocrx_word' id='word_1_77' title='bbox 1013 819 1103 844; x_wconf 92' lang='lat' dir='ltr'>cum</span> <span class='ocrx_word' id='word_1_78' title='bbox 1135 808 1262 845; x_wconf 90' lang='lat' dir='ltr'>omnis</span> <span class='ocrx_word' id='word_1_79' title='bbox 1292 819 1358 844; x_wconf 83' lang='lat' dir='ltr'>rex</span> <span class='ocrx_word' id='word_1_80' title='bbox 1389 806 1610 856; x_wconf 90' lang='lat' dir='ltr'>temporalis</span> 
     </span>
     <span class='ocr_line' id='line_1_11' title="bbox 290 877 1610 928; baseline -0.002 -12"><span class='ocrx_word' id='word_1_81' title='bbox 290 880 336 916; x_wconf 91' lang='lat' dir='ltr'>sit</span> <span class='ocrx_word' id='word_1_82' title='bbox 381 879 607 927; x_wconf 84' lang='lat' dir='ltr'>subregulus</span> <span class='ocrx_word' id='word_1_83' title='bbox 658 879 737 928; x_wconf 85' lang='lat' dir='ltr'>regi</span> <span class='ocrx_word' id='word_1_84' title='bbox 781 890 927 928; x_wconf 91' lang='lat' dir='ltr'>regum.</span> <span class='ocrx_word' id='word_1_85' title='bbox 1001 878 1097 915; x_wconf 89' lang='lat' dir='ltr'>Ideo</span> <span class='ocrx_word' id='word_1_86' title='bbox 1141 884 1291 927; x_wconf 85' lang='lat' dir='ltr'>oportet</span> <span class='ocrx_word' id='word_1_87' title='bbox 1333 889 1423 915; x_wconf 90' lang='lat' dir='ltr'>eum</span> <span class='ocrx_word' id='word_1_88' title='bbox 1467 877 1610 914; x_wconf 87' lang='lat' dir='ltr'>habere</span> 
     </span>
    </p>
   </div>
   <div class='ocr_carea' id='block_1_5' title="bbox 237 948 1890 1091">
    <p class='ocr_par' dir='ltr' id='par_1_5' title="bbox 237 948 1890 1091">
     <span class='ocr_line' id='line_1_12' title="bbox 237 948 1806 998; baseline -0.003 -10"><span class='ocrx_word' id='word_1_89' title='bbox 237 960 277 982; x_wconf 92' lang='lat'>10</span> <span class='ocrx_word' id='word_1_90' title='bbox 289 961 438 988; x_wconf 89' lang='lat' dir='ltr'>servum</span> <span class='ocrx_word' id='word_1_91' title='bbox 477 949 542 998; x_wconf 91' lang='lat' dir='ltr'>qui</span> <span class='ocrx_word' id='word_1_92' title='bbox 591 949 740 998; x_wconf 88' lang='lat' dir='ltr'>utrique</span> <span class='ocrx_word' id='word_1_93' title='bbox 789 961 898 987; x_wconf 90' lang='lat' dir='ltr'>servo</span> <span class='ocrx_word' id='word_1_94' title='bbox 947 961 1018 987; x_wconf 89' lang='lat' dir='ltr'>suo</span> <span class='ocrx_word' id='word_1_95' title='bbox 1067 949 1288 986; x_wconf 80' lang='lat' dir='ltr'>subserviat.</span> <span class='ocrx_word' id='word_1_96' title='bbox 1364 948 1457 986; x_wconf 91' lang='lat' dir='ltr'>Non</span> <span class='ocrx_word' id='word_1_97' title='bbox 1496 948 1611 996; x_wconf 87' lang='lat' dir='ltr'>igitur</span> <span class='ocrx_word' id='word_1_98' title='bbox 1624 958 1806 992; x_wconf 82' lang='lat' dir='ltr'>Thoughthe</span> 
     </span>
     <span class='ocr_line' id='line_1_13' title="bbox 288 992 1890 1091; baseline -0.005 -33"><span class='ocrx_word' id='word_1_99' title='bbox 288 1021 457 1070; x_wconf 87' lang='lat' dir='ltr'>sequitur</span> <span class='ocrx_word' id='word_1_100' title='bbox 498 1021 528 1057; x_wconf 92' lang='lat' dir='ltr'>si</span> <span class='ocrx_word' id='word_1_101' title='bbox 576 1020 748 1070; x_wconf 81' lang='lat' dir='ltr'>legalitas</span> <span class='ocrx_word' id='word_1_102' title='bbox 796 1020 1016 1069; x_wconf 88' lang='lat' dir='ltr'>temporalis</span> <span class='ocrx_word' id='word_1_103' title='bbox 1064 1020 1305 1069; x_wconf 82' lang='lat' dir='ltr'>exemplatur</span> <span class='ocrx_word' id='word_1_104' title='bbox 1342 1019 1381 1056; x_wconf 90' lang='lat' dir='ltr'>in</span> <span class='ocrx_word' id='word_1_105' title='bbox 1419 1018 1612 1069; x_wconf 84' lang='lat' dir='ltr'>legalitate</span> <span class='ocrx_word' id='word_1_106' title='bbox 1623 992 1890 1091; x_wconf 50' lang='grc' dir='ltr'>ξέἓὲζίέξῑιῖἷὲᾱει</span> 
     </span>
    </p>
   </div>
   <div class='ocr_carea' id='block_1_6' title="bbox 71 1089 1890 1152">
    <p class='ocr_par' dir='ltr' id='par_1_6' title="bbox 71 1089 1890 1152">
     <span class='ocr_line' id='line_1_14' title="bbox 71 1089 1890 1152; baseline -0.002 -22"><span class='ocrx_word' id='word_1_107' title='bbox 71 1091 118 1121; x_wconf 85' lang='lat'>42</span> <span class='ocrx_word' id='word_1_108' title='bbox 135 1091 171 1121; x_wconf 87' lang='lat' dir='ltr'>b.</span> <span class='ocrx_word' id='word_1_109' title='bbox 290 1092 308 1112; x_wconf 77' lang='lat'>&#39;¹‘</span> <span class='ocrx_word' id='word_1_110' title='bbox 341 1090 468 1130; x_wconf 89' lang='lat' dir='ltr'>Cristo</span> <span class='ocrx_word' id='word_1_111' title='bbox 504 1092 630 1129; x_wconf 87' lang='lat' dir='ltr'>debita</span> <span class='ocrx_word' id='word_1_112' title='bbox 659 1091 765 1141; x_wconf 87' lang='lat' dir='ltr'>quod</span> <span class='ocrx_word' id='word_1_113' title='bbox 794 1092 841 1128; x_wconf 91' lang='lat' dir='ltr'>sit</span> <span class='ocrx_word' id='word_1_114' title='bbox 869 1091 909 1128; x_wconf 88' lang='lat' dir='ltr'>in</span> <span class='ocrx_word' id='word_1_115' title='bbox 939 1098 1020 1129; x_wconf 93' lang='lat' dir='ltr'>toto</span> <span class='ocrx_word' id='word_1_116' title='bbox 1049 1091 1322 1137; x_wconf 90' lang='lat' dir='ltr'>conformitas;</span> <span class='ocrx_word' id='word_1_117' title='bbox 1362 1089 1429 1128; x_wconf 87' lang='lat' dir='ltr'>sed</span> <span class='ocrx_word' id='word_1_118' title='bbox 1459 1096 1613 1139; x_wconf 90' lang='lat' dir='ltr'>oportet</span> <span class='ocrx_word' id='word_1_119' title='bbox 1624 1093 1890 1152; x_wconf 46' lang='lat' dir='ltr'>ffisslrtglssgrgeare</span> 
     </span>
    </p>
   </div>
   <div class='ocr_carea' id='block_1_7' title="bbox 287 1160 1814 1283">
    <p class='ocr_par' dir='ltr' id='par_1_7' title="bbox 287 1160 1814 1283">
     <span class='ocr_line' id='line_1_15' title="bbox 288 1160 1814 1212; baseline -0.003 -12"><span class='ocrx_word' id='word_1_120' title='bbox 288 1163 393 1212; x_wconf 90' lang='lat' dir='ltr'>quod</span> <span class='ocrx_word' id='word_1_121' title='bbox 429 1163 476 1200; x_wconf 89' lang='lat' dir='ltr'>sit</span> <span class='ocrx_word' id='word_1_122' title='bbox 513 1163 552 1199; x_wconf 92' lang='lat' dir='ltr'>in</span> <span class='ocrx_word' id='word_1_123' title='bbox 590 1163 718 1200; x_wconf 89' lang='lat' dir='ltr'>multis</span> <span class='ocrx_word' id='word_1_124' title='bbox 756 1162 993 1199; x_wconf 88' lang='lat' dir='ltr'>difformitas.</span> <span class='ocrx_word' id='word_1_125' title='bbox 1050 1162 1100 1199; x_wconf 90' lang='lat' dir='ltr'>Et</span> <span class='ocrx_word' id='word_1_126' title='bbox 1138 1168 1324 1212; x_wconf 89' lang='lat' dir='ltr'>quantum</span> <span class='ocrx_word' id='word_1_127' title='bbox 1363 1161 1413 1198; x_wconf 87' lang='lat' dir='ltr'>ad</span> <span class='ocrx_word' id='word_1_128' title='bbox 1445 1161 1537 1198; x_wconf 92' lang='lat' dir='ltr'>illud</span> <span class='ocrx_word' id='word_1_129' title='bbox 1571 1161 1612 1197; x_wconf 90' lang='lat' dir='ltr'>in</span> <span class='ocrx_word' id='word_1_130' title='bbox 1625 1165 1716 1186; x_wconf 82' lang='lat' dir='ltr'>tween</span> <span class='ocrx_word' id='word_1_131' title='bbox 1730 1160 1814 1186; x_wconf 72' lang='lat' dir='ltr'>them-</span> 
     </span>
     <span class='ocr_line' id='line_1_16' title="bbox 287 1231 1611 1283; baseline -0.002 -12"><span class='ocrx_word' id='word_1_132' title='bbox 287 1234 362 1271; x_wconf 93' lang='lat' dir='ltr'>fine</span> <span class='ocrx_word' id='word_1_133' title='bbox 400 1233 570 1275; x_wconf 89' lang='lat' dir='ltr'>additum</span> <span class='ocrx_word' id='word_1_134' title='bbox 607 1239 713 1282; x_wconf 91' lang='lat' dir='ltr'>patet</span> <span class='ocrx_word' id='word_1_135' title='bbox 750 1233 854 1283; x_wconf 89' lang='lat' dir='ltr'>quod</span> <span class='ocrx_word' id='word_1_136' title='bbox 903 1245 983 1270; x_wconf 90' lang='lat' dir='ltr'>non</span> <span class='ocrx_word' id='word_1_137' title='bbox 1032 1239 1182 1282; x_wconf 91' lang='lat' dir='ltr'>oportet</span> <span class='ocrx_word' id='word_1_138' title='bbox 1230 1233 1373 1282; x_wconf 90' lang='lat' dir='ltr'>legium</span> <span class='ocrx_word' id='word_1_139' title='bbox 1412 1231 1611 1270; x_wconf 87' lang='lat' dir='ltr'>serviendo</span> 
     </span>
    </p>
   </div>
   <div class='ocr_carea' id='block_1_8' title="bbox 236 1302 1892 1354">
    <p class='ocr_par' dir='ltr' id='par_1_8' title="bbox 236 1302 1892 1354">
     <span class='ocr_line' id='line_1_17' title="bbox 236 1302 1892 1354; baseline 0.001 -13"><span class='ocrx_word' id='word_1_140' title='bbox 236 1317 273 1350; x_wconf 85' lang='lat'>15</span> <span class='ocrx_word' id='word_1_141' title='bbox 287 1312 471 1354; x_wconf 88' lang='lat' dir='ltr'>tyrranno</span> <span class='ocrx_word' id='word_1_142' title='bbox 519 1304 643 1341; x_wconf 90' lang='lat' dir='ltr'>favere</span> <span class='ocrx_word' id='word_1_143' title='bbox 694 1304 763 1341; x_wconf 92' lang='lat' dir='ltr'>sibi</span> <span class='ocrx_word' id='word_1_144' title='bbox 812 1304 852 1340; x_wconf 90' lang='lat' dir='ltr'>in</span> <span class='ocrx_word' id='word_1_145' title='bbox 900 1304 1082 1341; x_wconf 91' lang='lat' dir='ltr'>moribus.</span> <span class='ocrx_word' id='word_1_146' title='bbox 1150 1303 1267 1341; x_wconf 86' lang='lat' dir='ltr'>Favet</span> <span class='ocrx_word' id='word_1_147' title='bbox 1317 1309 1445 1340; x_wconf 89' lang='lat' dir='ltr'>autem</span> <span class='ocrx_word' id='word_1_148' title='bbox 1489 1302 1610 1340; x_wconf 90' lang='lat' dir='ltr'>homo</span> <span class='ocrx_word' id='word_1_149' title='bbox 1623 1316 1684 1343; x_wconf 81' lang='lat' dir='ltr'>our</span> <span class='ocrx_word' id='word_1_150' title='bbox 1697 1322 1814 1349; x_wconf 82' lang='lat' dir='ltr'>support</span> <span class='ocrx_word' id='word_1_151' title='bbox 1833 1317 1892 1343; x_wconf 80' lang='lat' dir='ltr'>osa</span> 
     </span>
    </p>
   </div>
   <div class='ocr_carea' id='block_1_9' title="bbox 286 1350 1892 1450">
    <p class='ocr_par' dir='ltr' id='par_1_9' title="bbox 286 1350 1892 1450">
     <span class='ocr_line' id='line_1_18' title="bbox 541 1350 1875 1383; baseline -0.006 0"><span class='ocrx_word' id='word_1_152' title='bbox 541 1376 547 1383; x_wconf 97' lang='lat'>.</span> <span class='ocrx_word' id='word_1_153' title='bbox 582 1376 589 1383; x_wconf 92' lang='lat'><strong><em>.</em></strong></span> <span class='ocrx_word' id='word_1_154' title='bbox 964 1375 971 1382; x_wconf 83' lang='lat'><strong>.</strong></span> <span class='ocrx_word' id='word_1_155' title='bbox 1281 1375 1287 1381; x_wconf 83' lang='lat'><em>.</em></span> <span class='ocrx_word' id='word_1_156' title='bbox 1458 1374 1464 1382; x_wconf 89' lang='grc'><strong>,</strong></span> <span class='ocrx_word' id='word_1_157' title='bbox 1622 1355 1717 1382; x_wconf 87' lang='lat' dir='ltr'>tyrant</span> <span class='ocrx_word' id='word_1_158' title='bbox 1731 1359 1796 1383; x_wconf 85' lang='lat' dir='ltr'>may</span> <span class='ocrx_word' id='word_1_159' title='bbox 1808 1350 1875 1376; x_wconf 84' lang='lat' dir='ltr'>take</span> 
     </span>
     <span class='ocr_line' id='line_1_19' title="bbox 286 1373 1892 1450; baseline -0.002 -37"><span class='ocrx_word' id='word_1_160' title='bbox 286 1383 418 1413; x_wconf 88' lang='lat' dir='ltr'>nature</span> <span class='ocrx_word' id='word_1_161' title='bbox 444 1375 611 1413; x_wconf 79' lang='lat' dir='ltr'>hommrs</span> <span class='ocrx_word' id='word_1_162' title='bbox 637 1388 717 1413; x_wconf 92' lang='lat' dir='ltr'>non</span> <span class='ocrx_word' id='word_1_163' title='bbox 749 1375 874 1413; x_wconf 89' lang='lat' dir='ltr'>solum</span> <span class='ocrx_word' id='word_1_164' title='bbox 900 1375 1110 1412; x_wconf 80' lang='lat' dir='ltr'>resistendo</span> <span class='ocrx_word' id='word_1_165' title='bbox 1139 1374 1207 1412; x_wconf 91' lang='lat' dir='ltr'>sed</span> <span class='ocrx_word' id='word_1_166' title='bbox 1234 1386 1355 1412; x_wconf 82' lang='lat' dir='ltr'>eciam</span> <span class='ocrx_word' id='word_1_167' title='bbox 1382 1373 1892 1450; x_wconf 47' lang='grc' dir='ltr'>θεωᾶεῃὰο,ἓξῖέξίἒιὲῃιὲοιζέῐιγ</span> 
     </span>
    </p>
   </div>
   <div class='ocr_carea' id='block_1_10' title="bbox 71 1444 1847 1511">
    <p class='ocr_par' dir='ltr' id='par_1_10' title="bbox 71 1444 1847 1511">
     <span class='ocr_line' id='line_1_20' title="bbox 71 1444 1847 1511; baseline -0.002 -25"><span class='ocrx_word' id='word_1_168' title='bbox 71 1448 228 1477; x_wconf 79' lang='lat' dir='ltr'><strong>F01.160</strong></span> <span class='ocrx_word' id='word_1_169' title='bbox 241 1455 272 1477; x_wconf 72' lang='lat' dir='ltr'>a·</span> <span class='ocrx_word' id='word_1_170' title='bbox 286 1453 323 1485; x_wconf 88' lang='lat' dir='ltr'>et</span> <span class='ocrx_word' id='word_1_171' title='bbox 360 1448 413 1485; x_wconf 89' lang='lat' dir='ltr'>sic</span> <span class='ocrx_word' id='word_1_172' title='bbox 451 1453 526 1485; x_wconf 89' lang='lat' dir='ltr'>stat</span> <span class='ocrx_word' id='word_1_173' title='bbox 563 1447 728 1485; x_wconf 91' lang='lat' dir='ltr'>eundem</span> <span class='ocrx_word' id='word_1_174' title='bbox 769 1447 849 1484; x_wconf 90' lang='lat' dir='ltr'>sine</span> <span class='ocrx_word' id='word_1_175' title='bbox 888 1447 1109 1496; x_wconf 87' lang='lat' dir='ltr'>duplicitate</span> <span class='ocrx_word' id='word_1_176' title='bbox 1146 1445 1272 1484; x_wconf 88' lang='lat' dir='ltr'>favere</span> <span class='ocrx_word' id='word_1_177' title='bbox 1309 1444 1328 1465; x_wconf 74' lang='lat'>&#39;¹‘</span> <span class='ocrx_word' id='word_1_178' title='bbox 1368 1445 1610 1495; x_wconf 89' lang='lat' dir='ltr'>proficiendo</span> <span class='ocrx_word' id='word_1_179' title='bbox 1622 1459 1693 1511; x_wconf 48' lang='grc' dir='ltr'>ἓξὲξ</span> <span class='ocrx_word' id='word_1_180' title='bbox 1706 1450 1847 1483; x_wconf 80' lang='lat' dir='ltr'>eskilling</span> 
     </span>
    </p>
   </div>
   <div class='ocr_carea' id='block_1_11' title="bbox 236 1516 1612 1708">
    <p class='ocr_par' dir='ltr' id='par_1_11' title="bbox 236 1516 1612 1708">
     <span class='ocr_line' id='line_1_21' title="bbox 287 1516 1612 1565; baseline -0.002 -10"><span class='ocrx_word' id='word_1_181' title='bbox 287 1518 436 1555; x_wconf 92' lang='lat' dir='ltr'>duobus</span> <span class='ocrx_word' id='word_1_182' title='bbox 467 1517 666 1555; x_wconf 85' lang='lat' dir='ltr'>contrariis</span> <span class='ocrx_word' id='word_1_183' title='bbox 697 1517 890 1555; x_wconf 83' lang='lat' dir='ltr'>dominis2</span> <span class='ocrx_word' id='word_1_184' title='bbox 919 1517 957 1554; x_wconf 86' lang='lat' dir='ltr'>in</span> <span class='ocrx_word' id='word_1_185' title='bbox 989 1529 1104 1554; x_wconf 90' lang='lat' dir='ltr'>eausa</span> <span class='ocrx_word' id='word_1_186' title='bbox 1133 1523 1171 1554; x_wconf 92' lang='lat' dir='ltr'>et</span> <span class='ocrx_word' id='word_1_187' title='bbox 1200 1516 1320 1554; x_wconf 91' lang='lat' dir='ltr'>modo</span> <span class='ocrx_word' id='word_1_188' title='bbox 1352 1516 1503 1565; x_wconf 88' lang='lat' dir='ltr'>dispari.</span> <span class='ocrx_word' id='word_1_189' title='bbox 1560 1516 1612 1552; x_wconf 91' lang='lat' dir='ltr'>Et</span> 
     </span>
     <span class='ocr_line' id='line_1_22' title="bbox 288 1587 1609 1633; baseline -0.003 -6"><span class='ocrx_word' id='word_1_190' title='bbox 288 1587 368 1627; x_wconf 76' lang='lat' dir='ltr'>sic⁸</span> <span class='ocrx_word' id='word_1_191' title='bbox 405 1588 552 1626; x_wconf 90' lang='lat' dir='ltr'>videtur</span> <span class='ocrx_word' id='word_1_192' title='bbox 588 1588 766 1626; x_wconf 87' lang='lat' dir='ltr'>clientem</span> <span class='ocrx_word' id='word_1_193' title='bbox 805 1588 902 1626; x_wconf 86' lang='lat' dir='ltr'>licite</span> <span class='ocrx_word' id='word_1_194' title='bbox 941 1600 1025 1626; x_wconf 88' lang='lat' dir='ltr'>esse</span> <span class='ocrx_word' id='word_1_195' title='bbox 1069 1594 1205 1626; x_wconf 87' lang='lat' dir='ltr'>contra</span> <span class='ocrx_word' id='word_1_196' title='bbox 1244 1600 1355 1625; x_wconf 90' lang='lat' dir='ltr'>suum</span> <span class='ocrx_word' id='word_1_197' title='bbox 1396 1587 1609 1633; x_wconf 87' lang='lat' dir='ltr'>dominum,</span> 
     </span>
     <span class='ocr_line' id='line_1_23' title="bbox 236 1659 1612 1708; baseline -0.003 -11"><span class='ocrx_word' id='word_1_198' title='bbox 236 1661 351 1697; x_wconf 70' lang='lat' dir='ltr'>20et4</span> <span class='ocrx_word' id='word_1_199' title='bbox 384 1671 473 1697; x_wconf 89' lang='lat' dir='ltr'>cum</span> <span class='ocrx_word' id='word_1_200' title='bbox 510 1659 594 1708; x_wconf 88' lang='lat' dir='ltr'>ipso</span> <span class='ocrx_word' id='word_1_201' title='bbox 632 1665 766 1697; x_wconf 88' lang='lat' dir='ltr'>contra</span> <span class='ocrx_word' id='word_1_202' title='bbox 805 1671 915 1696; x_wconf 90' lang='lat' dir='ltr'>suam</span> <span class='ocrx_word' id='word_1_203' title='bbox 948 1660 1132 1697; x_wconf 89' lang='lat' dir='ltr'>viciosam</span> <span class='ocrx_word' id='word_1_204' title='bbox 1167 1659 1419 1697; x_wconf 86' lang='lat' dir='ltr'>affeccionem</span> <span class='ocrx_word' id='word_1_205' title='bbox 1452 1664 1490 1694; x_wconf 91' lang='lat' dir='ltr'>et</span> <span class='ocrx_word' id='word_1_206' title='bbox 1523 1668 1612 1694; x_wconf 89' lang='lat' dir='ltr'>cum</span> 
     </span>
    </p>
   </div>
   <div class='ocr_carea' id='block_1_12' title="bbox 287 1728 1892 1794">
    <p class='ocr_par' dir='ltr' id='par_1_12' title="bbox 287 1728 1892 1794">
     <span class='ocr_line' id='line_1_24' title="bbox 287 1728 1892 1794; baseline -0.004 -27"><span class='ocrx_word' id='word_1_207' title='bbox 287 1737 421 1768; x_wconf 88' lang='lat' dir='ltr'>natura</span> <span class='ocrx_word' id='word_1_208' title='bbox 451 1736 488 1767; x_wconf 90' lang='lat' dir='ltr'>et</span> <span class='ocrx_word' id='word_1_209' title='bbox 520 1729 705 1779; x_wconf 79' lang='lat' dir='ltr'>profectu.</span> <span class='ocrx_word' id='word_1_210' title='bbox 762 1730 856 1767; x_wconf 91' lang='lat' dir='ltr'>Ideo</span> <span class='ocrx_word' id='word_1_211' title='bbox 884 1736 1036 1779; x_wconf 87' lang='lat' dir='ltr'>oportet</span> <span class='ocrx_word' id='word_1_212' title='bbox 1065 1730 1105 1767; x_wconf 90' lang='lat' dir='ltr'>in</span> <span class='ocrx_word' id='word_1_213' title='bbox 1136 1730 1275 1767; x_wconf 89' lang='lat' dir='ltr'>talibus</span> <span class='ocrx_word' id='word_1_214' title='bbox 1306 1728 1502 1766; x_wconf 90' lang='lat' dir='ltr'>attendere</span> <span class='ocrx_word' id='word_1_215' title='bbox 1535 1728 1610 1765; x_wconf 86' lang='lat' dir='ltr'>dis·</span> <span class='ocrx_word' id='word_1_216' title='bbox 1623 1734 1703 1794; x_wconf 42' lang='grc' dir='ltr'>ἓξὲξ</span> <span class='ocrx_word' id='word_1_217' title='bbox 1713 1743 1892 1794; x_wconf 50' lang='lat' dir='ltr'>{ssffissay</span> 
     </span>
    </p>
   </div>
   <div class='ocr_carea' id='block_1_13' title="bbox 285 1800 1892 1851">
    <p class='ocr_par' dir='ltr' id='par_1_13' title="bbox 285 1800 1892 1851">
     <span class='ocr_line' id='line_1_25' title="bbox 285 1800 1892 1851; baseline -0.004 -12"><span class='ocrx_word' id='word_1_218' title='bbox 285 1802 485 1851; x_wconf 88' lang='lat' dir='ltr'>paritatem</span> <span class='ocrx_word' id='word_1_219' title='bbox 528 1801 737 1847; x_wconf 88' lang='lat' dir='ltr'>racionum,</span> <span class='ocrx_word' id='word_1_220' title='bbox 777 1807 814 1838; x_wconf 88' lang='lat' dir='ltr'>et</span> <span class='ocrx_word' id='word_1_221' title='bbox 863 1801 1024 1838; x_wconf 81' lang='lat' dir='ltr'>oculus⁵</span> <span class='ocrx_word' id='word_1_222' title='bbox 1065 1801 1262 1838; x_wconf 86' lang='lat' dir='ltr'>servientis</span> <span class='ocrx_word' id='word_1_223' title='bbox 1310 1801 1358 1838; x_wconf 93' lang='lat' dir='ltr'>sit</span> <span class='ocrx_word' id='word_1_224' title='bbox 1404 1800 1611 1849; x_wconf 85' lang='lat' dir='ltr'>utrobique</span> <span class='ocrx_word' id='word_1_225' title='bbox 1623 1807 1726 1832; x_wconf 52' lang='lat' dir='ltr'>termo</span> <span class='ocrx_word' id='word_1_226' title='bbox 1739 1802 1845 1833; x_wconf 78' lang='lat' dir='ltr'>longas</span> <span class='ocrx_word' id='word_1_227' title='bbox 1857 1801 1892 1827; x_wconf 78' lang='lat' dir='ltr'>he</span> 
     </span>
    </p>
   </div>
   <div class='ocr_carea' id='block_1_14' title="bbox 1623 1835 1835 1861">
    <p class='ocr_par' dir='ltr' id='par_1_14' title="bbox 1623 1835 1835 1861">
     <span class='ocr_line' id='line_1_26' title="bbox 1623 1835 1835 1861; baseline -0.005 0"><span class='ocrx_word' id='word_1_228' title='bbox 1623 1844 1647 1861; x_wconf 78' lang='lat' dir='ltr'>ls</span> <span class='ocrx_word' id='word_1_229' title='bbox 1660 1835 1732 1860; x_wconf 86' lang='lat' dir='ltr'>alive</span> <span class='ocrx_word' id='word_1_230' title='bbox 1745 1841 1774 1861; x_wconf 90' lang='lat' dir='ltr'>to</span> <span class='ocrx_word' id='word_1_231' title='bbox 1787 1835 1835 1860; x_wconf 87' lang='lat' dir='ltr'>the</span> 
     </span>
    </p>
   </div>
   <div class='ocr_carea' id='block_1_15' title="bbox 286 1868 1893 1935">
    <p class='ocr_par' dir='ltr' id='par_1_15' title="bbox 286 1868 1893 1935">
     <span class='ocr_line' id='line_1_27' title="bbox 286 1868 1893 1935; baseline -0.002 -25"><span class='ocrx_word' id='word_1_232' title='bbox 286 1871 498 1910; x_wconf 89' lang='lat' dir='ltr'>secundum</span> <span class='ocrx_word' id='word_1_233' title='bbox 528 1871 692 1909; x_wconf 84' lang='lat' dir='ltr'>formam</span> <span class='ocrx_word' id='word_1_234' title='bbox 719 1872 941 1921; x_wconf 86' lang='lat' dir='ltr'>ewangelici</span> <span class='ocrx_word' id='word_1_235' title='bbox 972 1877 1096 1909; x_wconf 88' lang='lat' dir='ltr'>rectus</span> <span class='ocrx_word' id='word_1_236' title='bbox 1109 1884 1119 1918; x_wconf 81' lang='lat'><em>3</em></span> <span class='ocrx_word' id='word_1_237' title='bbox 1151 1872 1259 1908; x_wconf 88' lang='lat' dir='ltr'>multi</span> <span class='ocrx_word' id='word_1_238' title='bbox 1280 1871 1384 1909; x_wconf 90' lang='lat' dir='ltr'>enim</span> <span class='ocrx_word' id='word_1_239' title='bbox 1405 1871 1611 1909; x_wconf 86' lang='lat' dir='ltr'>servientes</span> <span class='ocrx_word' id='word_1_240' title='bbox 1622 1869 1754 1935; x_wconf 52' lang='grc' dir='ltr'>ξέξῑξζῇἒῖ</span> <span class='ocrx_word' id='word_1_241' title='bbox 1766 1877 1844 1901; x_wconf 80' lang='lat' dir='ltr'>ways</span> <span class='ocrx_word' id='word_1_242' title='bbox 1863 1868 1893 1894; x_wconf 81' lang='lat' dir='ltr'>of</span> 
     </span>
    </p>
   </div>
   <div class='ocr_carea' id='block_1_16' title="bbox 73 1943 1890 2587">
    <p class='ocr_par' dir='ltr' id='par_1_16' title="bbox 73 1943 1890 2587">
     <span class='ocr_line' id='line_1_28' title="bbox 287 1943 1611 1992; baseline -0.002 -12"><span class='ocrx_word' id='word_1_243' title='bbox 287 1943 446 1980; x_wconf 87' lang='lat' dir='ltr'>fideliter</span> <span class='ocrx_word' id='word_1_244' title='bbox 471 1948 696 1992; x_wconf 90' lang='lat' dir='ltr'>reputantur</span> <span class='ocrx_word' id='word_1_245' title='bbox 721 1943 910 1980; x_wconf 90' lang='lat' dir='ltr'>mundum</span> <span class='ocrx_word' id='word_1_246' title='bbox 925 1943 937 1963; x_wconf 79' lang='lat'><strong>⁶</strong></span> <span class='ocrx_word' id='word_1_247' title='bbox 963 1943 1200 1992; x_wconf 88' lang='lat' dir='ltr'>sapientibus</span> <span class='ocrx_word' id='word_1_248' title='bbox 1231 1943 1387 1989; x_wconf 89' lang='lat' dir='ltr'>inimici,</span> <span class='ocrx_word' id='word_1_249' title='bbox 1416 1948 1453 1979; x_wconf 90' lang='lat' dir='ltr'>et</span> <span class='ocrx_word' id='word_1_250' title='bbox 1480 1948 1611 1979; x_wconf 90' lang='lat' dir='ltr'>tamen</span> 
     </span>
     <span class='ocr_line' id='line_1_29' title="bbox 237 2012 1612 2064; baseline 0 -15"><span class='ocrx_word' id='word_1_251' title='bbox 237 2027 273 2059; x_wconf 89' lang='lat'>25</span> <span class='ocrx_word' id='word_1_252' title='bbox 288 2021 376 2052; x_wconf 92' lang='lat' dir='ltr'>sunt</span> <span class='ocrx_word' id='word_1_253' title='bbox 406 2014 593 2051; x_wconf 87' lang='lat' dir='ltr'>utilissimi</span> <span class='ocrx_word' id='word_1_254' title='bbox 624 2013 844 2060; x_wconf 80' lang='lat' dir='ltr'>servitores3</span> <span class='ocrx_word' id='word_1_255' title='bbox 880 2021 916 2051; x_wconf 92' lang='lat' dir='ltr'>et</span> <span class='ocrx_word' id='word_1_256' title='bbox 946 2027 967 2051; x_wconf 91' lang='lat' dir='ltr'>e</span> <span class='ocrx_word' id='word_1_257' title='bbox 999 2021 1133 2051; x_wconf 85' lang='lat' dir='ltr'>contra</span> <span class='ocrx_word' id='word_1_258' title='bbox 1163 2014 1229 2064; x_wconf 91' lang='lat' dir='ltr'>qui</span> <span class='ocrx_word' id='word_1_259' title='bbox 1259 2020 1486 2063; x_wconf 88' lang='lat' dir='ltr'>reputantur</span> <span class='ocrx_word' id='word_1_260' title='bbox 1517 2012 1612 2050; x_wconf 91' lang='lat' dir='ltr'>servi</span> 
     </span>
     <span class='ocr_line' id='line_1_30' title="bbox 287 2083 1612 2134; baseline -0.002 -12"><span class='ocrx_word' id='word_1_261' title='bbox 287 2085 410 2134; x_wconf 89' lang='lat' dir='ltr'>magis</span> <span class='ocrx_word' id='word_1_262' title='bbox 438 2084 590 2134; x_wconf 89' lang='lat' dir='ltr'>profitui</span> <span class='ocrx_word' id='word_1_263' title='bbox 621 2090 709 2122; x_wconf 89' lang='lat' dir='ltr'>sunt</span> <span class='ocrx_word' id='word_1_264' title='bbox 729 2085 1043 2134; x_wconf 90' lang='lat' dir='ltr'>dampnosissimi</span> <span class='ocrx_word' id='word_1_265' title='bbox 1073 2085 1289 2134; x_wconf 88' lang='lat' dir='ltr'>proditores</span> <span class='ocrx_word' id='word_1_266' title='bbox 1305 2097 1314 2130; x_wconf 89' lang='lat'>;</span> <span class='ocrx_word' id='word_1_267' title='bbox 1346 2090 1383 2122; x_wconf 92' lang='lat' dir='ltr'>et</span> <span class='ocrx_word' id='word_1_268' title='bbox 1415 2084 1540 2122; x_wconf 90' lang='lat' dir='ltr'>solum</span> <span class='ocrx_word' id='word_1_269' title='bbox 1571 2083 1612 2120; x_wconf 88' lang='lat' dir='ltr'>in</span> 
     </span>
     <span class='ocr_line' id='line_1_31' title="bbox 288 2154 1612 2205; baseline -0.002 -12"><span class='ocrx_word' id='word_1_270' title='bbox 288 2156 472 2205; x_wconf 86' lang='lat' dir='ltr'>scriptura</span> <span class='ocrx_word' id='word_1_271' title='bbox 503 2167 612 2193; x_wconf 91' lang='lat' dir='ltr'>sacra</span> <span class='ocrx_word' id='word_1_272' title='bbox 630 2162 839 2205; x_wconf 90' lang='lat' dir='ltr'>potuerunt</span> <span class='ocrx_word' id='word_1_273' title='bbox 870 2155 943 2193; x_wconf 88' lang='lat' dir='ltr'>hec</span> <span class='ocrx_word' id='word_1_274' title='bbox 964 2156 1138 2194; x_wconf 90' lang='lat' dir='ltr'>discerni.</span> <span class='ocrx_word' id='word_1_275' title='bbox 1196 2155 1338 2193; x_wconf 88' lang='lat' dir='ltr'>Talem</span> <span class='ocrx_word' id='word_1_276' title='bbox 1370 2161 1498 2192; x_wconf 89' lang='lat' dir='ltr'>autem</span> <span class='ocrx_word' id='word_1_277' title='bbox 1519 2154 1612 2191; x_wconf 90' lang='lat' dir='ltr'>divi-</span> 
     </span>
     <span class='ocr_line' id='line_1_32' title="bbox 73 2225 1613 2274; baseline -0.002 -9"><span class='ocrx_word' id='word_1_278' title='bbox 73 2235 210 2266; x_wconf 89' lang='lat' dir='ltr'>Matt.x.</span> <span class='ocrx_word' id='word_1_279' title='bbox 225 2242 273 2274; x_wconf 88' lang='lat'>25.</span> <span class='ocrx_word' id='word_1_280' title='bbox 289 2227 438 2264; x_wconf 89' lang='lat' dir='ltr'>sionem</span> <span class='ocrx_word' id='word_1_281' title='bbox 469 2226 700 2264; x_wconf 84' lang='lat' dir='ltr'>carnalitatis</span> <span class='ocrx_word' id='word_1_282' title='bbox 720 2233 757 2263; x_wconf 91' lang='lat' dir='ltr'>et</span> <span class='ocrx_word' id='word_1_283' title='bbox 777 2227 1023 2264; x_wconf 89' lang='lat' dir='ltr'>secularitatis</span> <span class='ocrx_word' id='word_1_284' title='bbox 1043 2227 1145 2264; x_wconf 88' lang='lat' dir='ltr'>venit</span> <span class='ocrx_word' id='word_1_285' title='bbox 1165 2226 1312 2263; x_wconf 91' lang='lat' dir='ltr'>Cristus</span> <span class='ocrx_word' id='word_1_286' title='bbox 1333 2225 1549 2271; x_wconf 87' lang='lat' dir='ltr'>dissolvere,</span> <span class='ocrx_word' id='word_1_287' title='bbox 1570 2230 1613 2262; x_wconf 88' lang='lat' dir='ltr'>ut</span> 
     </span>
     <span class='ocr_line' id='line_1_33' title="bbox 288 2296 1611 2346; baseline -0.002 -12"><span class='ocrx_word' id='word_1_288' title='bbox 288 2302 393 2346; x_wconf 91' lang='lat' dir='ltr'>patet</span> <span class='ocrx_word' id='word_1_289' title='bbox 414 2297 550 2336; x_wconf 88' lang='lat' dir='ltr'>Matth.</span> <span class='ocrx_word' id='word_1_290' title='bbox 578 2309 637 2335; x_wconf 93' lang='lat'>10.</span> <span class='ocrx_word' id='word_1_291' title='bbox 704 2296 819 2334; x_wconf 91' lang='lat' dir='ltr'>Unde</span> <span class='ocrx_word' id='word_1_292' title='bbox 851 2297 882 2334; x_wconf 88' lang='lat' dir='ltr'>si</span> <span class='ocrx_word' id='word_1_293' title='bbox 913 2309 985 2335; x_wconf 89' lang='lat' dir='ltr'>nos</span> <span class='ocrx_word' id='word_1_294' title='bbox 1012 2297 1231 2334; x_wconf 89' lang='lat' dir='ltr'>sacerdotes</span> <span class='ocrx_word' id='word_1_295' title='bbox 1252 2296 1464 2334; x_wconf 90' lang='lat' dir='ltr'>secundum</span> <span class='ocrx_word' id='word_1_296' title='bbox 1485 2296 1611 2344; x_wconf 90' lang='lat' dir='ltr'>legem</span> 
     </span>
     <span class='ocr_line' id='line_1_34' title="bbox 237 2366 1613 2418; baseline -0.001 -13"><span class='ocrx_word' id='word_1_297' title='bbox 237 2379 278 2409; x_wconf 83' lang='lat'>30</span> <span class='ocrx_word' id='word_1_298' title='bbox 290 2367 403 2406; x_wconf 88' lang='lat' dir='ltr'>Cristi</span> <span class='ocrx_word' id='word_1_299' title='bbox 437 2380 674 2406; x_wconf 90' lang='lat' dir='ltr'>servaremus</span> <span class='ocrx_word' id='word_1_300' title='bbox 708 2368 822 2418; x_wconf 87' lang='lat' dir='ltr'>plane</span> <span class='ocrx_word' id='word_1_301' title='bbox 856 2368 1076 2406; x_wconf 88' lang='lat' dir='ltr'>fidelitatem</span> <span class='ocrx_word' id='word_1_302' title='bbox 1109 2368 1251 2417; x_wconf 89' lang='lat' dir='ltr'>legiam</span> <span class='ocrx_word' id='word_1_303' title='bbox 1285 2367 1426 2405; x_wconf 88' lang='lat' dir='ltr'>nostris</span> <span class='ocrx_word' id='word_1_304' title='bbox 1459 2366 1613 2416; x_wconf 88' lang='lat' dir='ltr'>regibus</span> 
     </span>
     <span class='ocr_line' id='line_1_35' title="bbox 289 2438 1347 2479; baseline -0.001 -3"><span class='ocrx_word' id='word_1_305' title='bbox 289 2451 370 2477; x_wconf 89' lang='lat' dir='ltr'>non</span> <span class='ocrx_word' id='word_1_306' title='bbox 390 2438 519 2476; x_wconf 88' lang='lat' dir='ltr'>fuisset</span> <span class='ocrx_word' id='word_1_307' title='bbox 539 2439 635 2476; x_wconf 88' lang='lat' dir='ltr'>inter</span> <span class='ocrx_word' id='word_1_308' title='bbox 655 2451 721 2477; x_wconf 92' lang='lat' dir='ltr'>eos</span> <span class='ocrx_word' id='word_1_309' title='bbox 741 2444 848 2479; x_wconf 88' lang='lat' dir='ltr'>tanta</span> <span class='ocrx_word' id='word_1_310' title='bbox 868 2438 1057 2478; x_wconf 89' lang='lat' dir='ltr'>dissensio</span> <span class='ocrx_word' id='word_1_311' title='bbox 1078 2444 1119 2475; x_wconf 91' lang='lat' dir='ltr'>ut</span> <span class='ocrx_word' id='word_1_312' title='bbox 1139 2444 1195 2475; x_wconf 90' lang='lat' dir='ltr'>est</span> <span class='ocrx_word' id='word_1_313' title='bbox 1215 2438 1347 2476; x_wconf 91' lang='lat' dir='ltr'>modo.</span> 
     </span>
     <span class='ocr_line' id='line_1_36' title="bbox 74 2509 1890 2587; baseline -0.001 -40"><span class='ocrx_word' id='word_1_314' title='bbox 74 2531 116 2561; x_wconf 79' lang='lat' dir='ltr'>F.</span> <span class='ocrx_word' id='word_1_315' title='bbox 343 2510 485 2548; x_wconf 87' lang='lat' dir='ltr'>Tercio</span> <span class='ocrx_word' id='word_1_316' title='bbox 505 2510 667 2548; x_wconf 86' lang='lat' dir='ltr'>obicitur</span> <span class='ocrx_word' id='word_1_317' title='bbox 684 2522 752 2559; x_wconf 91' lang='lat' dir='ltr'>per</span> <span class='ocrx_word' id='word_1_318' title='bbox 771 2511 846 2547; x_wconf 88' lang='lat' dir='ltr'>hoc</span> <span class='ocrx_word' id='word_1_319' title='bbox 866 2510 972 2558; x_wconf 91' lang='lat' dir='ltr'>quod</span> <span class='ocrx_word' id='word_1_320' title='bbox 990 2510 1094 2547; x_wconf 81' lang='lat' dir='ltr'>iuxta</span> <span class='ocrx_word' id='word_1_321' title='bbox 1114 2509 1213 2547; x_wconf 90' lang='lat' dir='ltr'>dicta</span> <span class='ocrx_word' id='word_1_322' title='bbox 1229 2521 1364 2547; x_wconf 91' lang='lat' dir='ltr'>omnes</span> <span class='ocrx_word' id='word_1_323' title='bbox 1380 2509 1609 2556; x_wconf 90' lang='lat' dir='ltr'>sacerdotes,</span> <span class='ocrx_word' id='word_1_324' title='bbox 1623 2520 1890 2587; x_wconf 37' lang='lat' dir='ltr'>&amp;otffiii‘sssscbggssttiffi</span> 
     </span>
    </p>
   </div>
   <div class='ocr_carea' id='block_1_17' title="bbox 288 2579 1893 2714">
    <p class='ocr_par' dir='ltr' id='par_1_17' title="bbox 288 2579 1893 2714">
     <span class='ocr_line' id='line_1_37' title="bbox 288 2579 1891 2647; baseline -0.004 -28"><span class='ocrx_word' id='word_1_325' title='bbox 288 2582 411 2619; x_wconf 87' lang='lat' dir='ltr'>eciam</span> <span class='ocrx_word' id='word_1_326' title='bbox 448 2581 627 2630; x_wconf 87' lang='lat' dir='ltr'>religiosi,</span> <span class='ocrx_word' id='word_1_327' title='bbox 661 2581 785 2619; x_wconf 88' lang='lat' dir='ltr'>forent</span> <span class='ocrx_word' id='word_1_328' title='bbox 822 2580 999 2618; x_wconf 89' lang='lat' dir='ltr'>homines</span> <span class='ocrx_word' id='word_1_329' title='bbox 1037 2580 1125 2630; x_wconf 86' lang='lat' dir='ltr'>legii</span> <span class='ocrx_word' id='word_1_330' title='bbox 1163 2592 1297 2629; x_wconf 88' lang='lat' dir='ltr'>regum</span> <span class='ocrx_word' id='word_1_331' title='bbox 1334 2586 1455 2627; x_wconf 82' lang='lat' dir='ltr'>terre3</span> <span class='ocrx_word' id='word_1_332' title='bbox 1504 2579 1609 2629; x_wconf 91' lang='lat' dir='ltr'>quod</span> <span class='ocrx_word' id='word_1_333' title='bbox 1622 2588 1891 2647; x_wconf 44' lang='grc' dir='ltr'>Ξὲἒξὸιὲἓΐιηῗέῑ-</span> 
     </span>
     <span class='ocr_line' id='line_1_38' title="bbox 289 2630 1893 2714; baseline -0.002 -23"><span class='ocrx_word' id='word_1_334' title='bbox 289 2653 435 2691; x_wconf 88' lang='lat' dir='ltr'>videtur</span> <span class='ocrx_word' id='word_1_335' title='bbox 465 2653 603 2690; x_wconf 88' lang='lat' dir='ltr'>falsum</span> <span class='ocrx_word' id='word_1_336' title='bbox 635 2653 682 2690; x_wconf 94' lang='lat' dir='ltr'>de</span> <span class='ocrx_word' id='word_1_337' title='bbox 711 2665 823 2702; x_wconf 84' lang='lat' dir='ltr'>papa,</span> <span class='ocrx_word' id='word_1_338' title='bbox 851 2652 898 2690; x_wconf 93' lang='lat' dir='ltr'>de</span> <span class='ocrx_word' id='word_1_339' title='bbox 929 2652 1225 2701; x_wconf 88' lang='lat' dir='ltr'>exproprietarie</span> <span class='ocrx_word' id='word_1_340' title='bbox 1253 2652 1466 2689; x_wconf 86' lang='lat' dir='ltr'>viventibus</span> <span class='ocrx_word' id='word_1_341' title='bbox 1492 2658 1529 2689; x_wconf 90' lang='lat' dir='ltr'>et</span> <span class='ocrx_word' id='word_1_342' title='bbox 1562 2651 1609 2689; x_wconf 89' lang='lat' dir='ltr'>de</span> <span class='ocrx_word' id='word_1_343' title='bbox 1621 2630 1848 2714; x_wconf 46' lang='lat' dir='ltr'>{ggffigtrrflgnffig</span> <span class='ocrx_word' id='word_1_344' title='bbox 1860 2688 1893 2714; x_wconf 87' lang='lat' dir='ltr'>of</span> 
     </span>
    </p>
   </div>
   <div class='ocr_carea' id='block_1_18' title="bbox 331 2722 1768 2791">
    <p class='ocr_par' dir='ltr' id='par_1_18' title="bbox 331 2722 1768 2791">
     <span class='ocr_line' id='line_1_39' title="bbox 331 2722 1768 2791; baseline -0.022 15"><span class='ocrx_word' id='word_1_345' title='bbox 331 2750 343 2769; x_wconf 68' lang='lat'>¹</span> <span class='ocrx_word' id='word_1_346' title='bbox 367 2751 471 2791; x_wconf 67' lang='lat' dir='ltr'>aliter’</span> <span class='ocrx_word' id='word_1_347' title='bbox 491 2760 525 2783; x_wconf 92' lang='lat' dir='ltr'>A.</span> <span class='ocrx_word' id='word_1_348' title='bbox 612 2750 624 2768; x_wconf 64' lang='lat'><strong>²</strong></span> <span class='ocrx_word' id='word_1_349' title='bbox 647 2752 736 2784; x_wconf 79' lang='lat' dir='ltr'>dom·</span> <span class='ocrx_word' id='word_1_350' title='bbox 753 2756 889 2790; x_wconf 67' lang='lat' dir='ltr'>contra„</span> <span class='ocrx_word' id='word_1_351' title='bbox 908 2752 974 2782; x_wconf 71' lang='lat' dir='ltr'>ord·</span> <span class='ocrx_word' id='word_1_352' title='bbox 994 2751 1063 2782; x_wconf 78' lang='lat' dir='ltr'>inv.</span> <span class='ocrx_word' id='word_1_353' title='bbox 1082 2758 1113 2782; x_wconf 90' lang='lat' dir='ltr'>B.</span> <span class='ocrx_word' id='word_1_354' title='bbox 1214 2751 1225 2768; x_wconf 77' lang='lat'><strong>³</strong></span> <span class='ocrx_word' id='word_1_355' title='bbox 1248 2751 1304 2790; x_wconf 84' lang='lat' dir='ltr'>sic,</span> <span class='ocrx_word' id='word_1_356' title='bbox 1328 2761 1389 2782; x_wconf 87' lang='lat' dir='ltr'>om.</span> <span class='ocrx_word' id='word_1_357' title='bbox 1415 2758 1448 2781; x_wconf 89' lang='lat' dir='ltr'>A.</span> <span class='ocrx_word' id='word_1_358' title='bbox 1538 2749 1550 2767; x_wconf 72' lang='lat'>4</span> <span class='ocrx_word' id='word_1_359' title='bbox 1574 2722 1768 2780; x_wconf 61' lang='lat' dir='ltr'>inlregemen.</span> 
     </span>
    </p>
   </div>
   <div class='ocr_carea' id='block_1_19' title="bbox 290 2802 1275 2845">
    <p class='ocr_par' dir='ltr' id='par_1_19' title="bbox 290 2802 1275 2845">
     <span class='ocr_line' id='line_1_40' title="bbox 290 2802 1275 2845; baseline -0.001 -10"><span class='ocrx_word' id='word_1_360' title='bbox 290 2814 393 2845; x_wconf 72' lang='lat' dir='ltr'>marg.</span> <span class='ocrx_word' id='word_1_361' title='bbox 411 2803 600 2843; x_wconf 85' lang='lat' dir='ltr'>Conclusio,</span> <span class='ocrx_word' id='word_1_362' title='bbox 617 2811 651 2837; x_wconf 87' lang='grc' dir='ltr'>Β.</span> <span class='ocrx_word' id='word_1_363' title='bbox 752 2804 764 2822; x_wconf 88' lang='lat'>⁵</span> <span class='ocrx_word' id='word_1_364' title='bbox 789 2803 912 2844; x_wconf 83' lang='lat' dir='ltr'>cyolus,</span> <span class='ocrx_word' id='word_1_365' title='bbox 930 2811 962 2834; x_wconf 91' lang='lat' dir='ltr'>A.</span> <span class='ocrx_word' id='word_1_366' title='bbox 1066 2803 1078 2822; x_wconf 71' lang='grc' dir='ltr'><strong>θ</strong></span> <span class='ocrx_word' id='word_1_367' title='bbox 1101 2802 1225 2841; x_wconf 87' lang='lat' dir='ltr'>mundi,</span> <span class='ocrx_word' id='word_1_368' title='bbox 1243 2811 1275 2834; x_wconf 85' lang='lat' dir='ltr'>A.</span> 
     </span>
    </p>
   </div>
  </div>
 </body>
</html>
