2051 3299
183 202 266 245 266
881 206 946 238 DE
980 205 1173 238 orrrcro
1208 205 1366 237 REGIS.

462 313 749 363 emplastorum.
808 311 964 349 Certum
996 310 1154 360 quidem
1184 310 1295 347 esse¹
1333 309 1447 347 debet
1476 309 1652 348 fidelibus
1683 308 1789 359 quod

461 384 682 422 adiacencia
702 381 1012 432 preternaturalis
1032 381 1305 430 temporalium
1325 385 1522 418 attestatur
1550 380 1790 430 possession-

461 455 512 492 ati
532 454 733 503 egenciam
754 460 790 490 et
810 452 898 490 hinc
928 458 1016 489 sunt
1037 463 1148 489 senes
1167 451 1252 501 plus
1277 452 1490 500 emplastris
1510 451 1625 489 huius
1645 446 1790 503 [modi]

180 529 234 557 we
246 529 348 557 should
367 528 450 557 assist
462 524 689 573 indigentes.
743 523 793 560 Et
814 519 885 561 hec
909 523 1014 560 racio
1043 529 1176 560 monet
1197 534 1259 558 me
1281 534 1398 571 quare
1419 522 1620 571 apostolici
1641 521 1709 558 viri
1728 522 1848 570 quz'F.

181 565 230 590 the
243 564 432 590 descendants

2031 568 2034 582 1

180 598 270 657 ἓξὲξ
279 597 416 656 3232?
461 595 723 633 nutriebantur
756 595 889 631 croceis
919 600 957 631 et
985 593 1062 630 iam
1092 594 1303 642 amplexati
1328 598 1417 630 sunl
1442 598 1605 630 stercora
1639 592 1791 637 debent,
1806 590 1899 629 Lam.
1916 598 1958 629 iv.
1978 605 2005 638 5.
2032 642 2034 647 ,

180 664 449 731 ἑξῖξὲξξζῇξῑὲξὲἑζ.
462 666 583 704 eciam
615 665 720 702 inviti
732 665 757 711 2,
789 664 891 702 salva
921 670 1056 701 natura
1087 665 1136 701 ab
1160 664 1365 701 innaturali
1394 664 1597 702 volutabro
1623 663 1792 701 relevari.

461 735 555 774 Non
578 735 681 773 enirn
713 741 866 784 oportet
897 747 969 772 nos
983 734 995 754 ³
1015 734 1215 784 providere
1237 734 1453 773 seculariter
1472 746 1544 784 pro
1564 733 1690 783 prole;
1720 745 1793 771 nec

458 806 671 845 elemosina
699 805 922 854 corporalis,
950 805 1017 843 sed
1042 805 1254 854 spiritualis,
1275 805 1463 842 incumbit
1492 810 1625 842 nostro
1654 803 1793 841 officio.

461 877 538 916 Sed
558 883 650 914 nota
670 875 902 914 infidelitatis
931 875 1028 913 foret
1055 887 1207 913 servum
1236 875 1385 913 domini
1406 875 1455 913 de
1474 875 1548 913 vite
1568 874 1794 912 necessariis

460 948 677 997 desperare.
752 945 857 983 Nihil
906 953 1036 984 autem
1074 947 1358 984 monstruosius
1397 959 1512 996 quam
1553 945 1793 984 sacerdotem
1810 956 1850 978 10

463 1018 578 1057 Cristi
616 1017 768 1068 gloriari
806 1017 846 1054 in
885 1024 1112 1066 sumptuoso
1160 1024 1346 1066 apparatu
1393 1024 1430 1055 et
1476 1017 1637 1066 copiosa
1678 1023 1794 1065 atque

462 1101 653 1140 pomposa
667 1088 821 1126 familia.
868 1088 919 1125 Et
940 1088 1011 1126 hec
1032 1088 1136 1126 racio
1157 1100 1275 1137 quare
1296 1100 1482 1137 gwerrare
1503 1100 1574 1137 pro
1594 1087 1795 1137 temporali

463 1161 636 1200 dominio
666 1159 827 1197 dedecet
857 1159 1096 1197 sacerdotem
1125 1165 1162 1197 et
1191 1159 1403 1208 specialiter
1432 1170 1640 1196 romanum
1668 1158 1794 1208 ponti-

462 1232 586 1270 ficem.

184 1309 417 1373 εεοοιὲῖᾱθῐιιπῑιεξῑιῶὴ
519 1301 699 1340 Secundo
725 1301 983 1351 principaliter
1009 1303 1180 1352 arguitur
1208 1315 1257 1341 ex
1286 1307 1393 1352 parte
1424 1300 1644 1338 Salomonis
1674 1298 1795 1337 nostri
1812 1315 1849 1347 15

183 1354 312 1440 Ξὲξῐῑξὲξῑε
324 1364 357 1405 oi
419 1353 434 1371 e
467 1374 568 1423 regis
588 1372 747 1423 pacifici,
771 1372 972 1421 quomodo
992 1373 1094 1411 eius4
1118 1386 1226 1412 amor
1247 1380 1362 1423 atque
1381 1372 1584 1410 consilium
1605 1370 1797 1408 moveret5

466 1456 578 1482 suum
615 1443 802 1493 populum
836 1455 917 1480 non
955 1456 1153 1493 gwerrare.
1211 1444 1299 1494 Ipse
1331 1444 1435 1481 enim
1468 1443 1581 1492 elegit
1614 1442 1720 1479 nasci
1759 1441 1798 1478 in

463 1522 637 1564 tempore
666 1514 790 1563 magis
818 1514 992 1563 pacifico,
1017 1512 1035 1532 *
1057 1520 1099 1551 ut
1128 1521 1232 1565 patet
1261 1514 1366 1552 Luce
1389 1521 1443 1552 20.
1501 1513 1616 1551 Unde
1644 1523 1715 1561 pro
1734 1511 1797 1548 illa
1813 1518 1892 1548 Fol.
1904 1519 1972 1566 128
1985 1526 2015 1548 a.

463 1597 559 1636 pace
572 1585 611 1622 in
627 1584 808 1622 Romano
821 1584 982 1634 imperio
997 1592 1197 1634 exponunt
1207 1587 1219 1606 ⁶
1231 1585 1389 1635 quidam
1401 1584 1494 1621 illud
1509 1583 1618 1621 Yese.
1642 1589 1684 1620 20
1699 1581 1802 1620 Con-⁷
1812 1561 1905 1635 {guliae
1923 1569 1957 1644 ἓ

451 1657 607 1708 flabunt
617 1657 765 1705 gladios
790 1669 874 1693 suos
894 1657 933 1693 z'n
948 1669 1106 1693 vomeres
1125 1661 1159 1693 et
1175 1658 1320 1694 lanceas
1334 1669 1422 1693 suas
1438 1657 1477 1692 in
1481 1655 1624 1706 falces.
1680 1653 1795 1691 Unde
1813 1669 1853 1691 20

466 1728 647 1777 angelum
668 1738 780 1764 suum
802 1726 888 1764 fecit
909 1727 948 1764 in
968 1727 1163 1765 nativitate
1183 1739 1319 1777 pacem
1339 1726 1558 1764 huiusmodi
1577 1724 1801 1763 hominibus

464 1798 712 1848 proclamare.
744 1796 846 1834 Nam
867 1797 972 1835 Luce
989 1804 1032 1834 20
1045 1798 1219 1835 scribitur
1235 1797 1371 1835 Gloria
1388 1799 1426 1835 in
1439 1797 1630 1835 altissimis
1641 1796 1702 1832 deo
1715 1799 1748 1832 el
1761 1795 1800 1831 z'n
1814 1797 1905 1828 Luke
1915 1796 1950 1828 ii.
1967 1805 2015 1837 14.

465 1873 568 1906 terra
575 1875 666 1918 pax
685 1868 895 1905 hominibus
906 1869 992 1906 bone
1003 1870 1214 1906 volunlalz‘s.
1271 1868 1387 1906 Unde
1402 1867 1539 1905 Matth.
1553 1874 1595 1904 v⁰
1607 1865 1800 1904 beatificat
1813 1874 1910 1905 Matt.
1920 1884 1950 1905 v.
1964 1883 1994 1915 9.

465 1939 650 1989 pacificos
670 1940 854 1987 quoniam,
876 1939 1010 1988 inquit,
1022 1939 1110 1988 filz‘z'
1125 1940 1185 1976 dei
1200 1940 1439 1977 vocabuntur.
1496 1938 1546 1976 Et
1567 1945 1625 1986 3m
1645 1937 1800 1986 signum

465 2016 523 2048 est
553 2009 727 2047 doctrina
754 2009 916 2047 verbalis
945 2016 1024 2046 tam
1053 2010 1093 2046 in
1122 2022 1162 2048 se
1190 2021 1307 2058 quam
1338 2011 1378 2047 in
1407 2010 1483 2048 suis
1513 2008 1697 2058 apostolis
1725 2018 1800 2057 que
1817 2018 1856 2050 25

468 2080 627 2117 ubilibet
653 2086 765 2117 sonat
796 2092 944 2129 pacem,
966 2080 1070 2118 unde
1098 2078 1202 2133 [Joh.
1216 2077 1248 2132 ⁷]
1278 2093 1324 2127 14
1352 2080 1525 2130 reliquit⁸
1556 2091 1694 2130 pacem
1722 2079 1800 2116 suis

468 2151 654 2201 apostolis
674 2157 861 2200 tanquam
880 2151 999 2188 iocale
1020 2151 1286 2189 hereditarium
1307 2151 1473 2189 maxime
1494 2149 1801 2188 memorandum.

469 2221 619 2268 Pacem,
642 2221 775 2271 inquit,
798 2234 913 2258 meam
934 2222 977 2258 do
998 2222 1109 2260 vobz's.
1165 2223 1301 2259 Pacem
1328 2223 1499 2270 relinqua
1519 2221 1629 2258 vobis.
1684 2219 1800 2257 Unde
1814 2226 1889 2268 Joh.
1907 2225 1971 2258 xiv.

468 2298 555 2342 post
580 2292 907 2329 resurreccionem
932 2292 1098 2330 factam⁹
1118 2293 1267 2342 repetiit
1295 2293 1400 2330 illam
1426 2304 1574 2342 pacem.
1631 2290 1717 2342 Joh.
1739 2278 1888 2355 xxffgh·
1901 2324 1951 2344 xx.
1968 2313 2017 2345 26·

469 2363 608 2402 dicitur
634 2363 834 2411 quomodo
847 2361 875 2382 ¹⁰
901 2363 1003 2400 stetit
1032 2363 1071 2400 in
1101 2364 1231 2401 medio
1245 2364 1521 2413 discipulorum
1546 2362 1677 2400 dicens
1701 2361 1801 2399 Pax
1816 2379 1858 2410 30

469 2433 580 2471 vobis.
625 2432 731 2478 Quid
754 2433 867 2481 igitur
886 2434 998 2472 nobis
1010 2432 1037 2453 Π
1057 2434 1298 2472 incarceratis
1319 2433 1569 2471 affectabilius
1589 2444 1706 2482 quam
1726 2443 1803 2481 pax

471 2504 611 2542 Cristi?
668 2504 783 2542 Unde
804 2512 841 2542 et
862 2504 1070 2554 discipulos
1090 2514 1180 2543 suos
1200 2505 1313 2543 docet
1334 2503 1475 2543 Matth.
1501 2517 1549 2542 10
1567 2510 1605 2541 et
1625 2502 1729 2541 Luce
1754 2514 1802 2539 10
1817 2488 1911 2519 Matt.
1923 2498 1952 2518 x.
1970 2496 2018 2519 ¹¹·

1814 2531 1907 2562 Luke
1923 2542 1953 2562 x.
1968 2541 1994 2572 5.

522 2636 533 2654 ¹
550 2636 646 2667 debet
663 2647 742 2675 esse,
759 2637 826 2668 ord.
841 2637 910 2669 inv.
926 2645 956 2668 Β.
1021 2636 1033 2654 ²
1051 2637 1145 2668 inniti
1162 2641 1226 2678 pro
1242 2636 1347 2674 inviti,
1365 2644 1399 2668 A.
1468 2636 1480 2654 ³
1498 2645 1557 2667 nos
1574 2638 1748 2677 oporteret,
1766 2642 1801 2667 A.

471 2687 482 2705 ¹
506 2689 592 2719 enim
616 2693 680 2729 pro
703 2689 783 2727 eius,
801 2697 834 2720 A.
969 2689 981 2708 ⁵
1004 2694 1113 2720 movet
1137 2693 1201 2730 pro
1225 2693 1380 2727 moveret,
1406 2696 1435 2719 B.
1569 2688 1580 2705 ⁶
1603 2686 1747 2728 exponit,
1766 2695 1800 2718 A.

471 2738 483 2756 ⁷
507 2740 603 2771 Matt.
621 2744 685 2781 pro
700 2740 788 2781 Joh.,
805 2748 839 2779 A,
859 2748 888 2772 Β.
999 2739 1010 2756 ⁸
1033 2741 1161 2782 reliqui,
1182 2749 1212 2771 A.
1302 2740 1313 2759 ⁹
1337 2740 1469 2780 factam,
1485 2749 1545 2771 om.
1565 2747 1598 2770 A.
1689 2737 1713 2756 ¹⁰
1737 2747 1802 2778 quo

466 2796 529 2833 pro
547 2792 723 2833 quomod0‚
743 2800 775 2823 A.
867 2792 887 2811 ¹¹
913 2793 1017 2832 vobis,
1035 2801 1079 2832 A;
1103 2792 1208 2831 nobis,
1227 2800 1257 2822 Β.
