2051 3299
702 201 766 232 DE
800 200 995 233 OFFICIO
1028 201 1185 233 REGIS.
1800 202 1880 243 243

278 303 424 342 fratres.
457 304 508 342 Et
520 305 607 343 dico
620 305 859 345 luciferinam
876 307 1095 356 superbiam
1110 307 1200 356 quia
1215 306 1343 344 omnis
1359 313 1465 344 actus
1480 306 1603 343 humi·
1619 304 1650 329 0s
1660 303 1798 335 humflsty
1811 303 1834 329 is
1847 312 1883 329 ³¹¹

1617 342 1663 363 act
1677 338 1710 362 of
1728 336 1847 362 obedien
1854 345 1885 362 ce

278 374 392 413 litatis
428 381 485 413 est
516 382 624 414 actus
659 377 883 415 obediencie
921 384 958 415 et
995 390 1016 415 e
1051 384 1194 415 contra.
1241 378 1336 415 Ideo
1365 378 1468 415 idem
1506 377 1604 415 foret
1616 371 1674 396 and
1686 371 1848 397 visewm·

278 445 409 483 tollere
448 447 501 484 sic
536 453 641 485 actus
679 447 898 486 humilitatis
932 455 968 486 et
1002 455 1110 486 actus
1148 448 1372 486 obediencie
1409 455 1445 486 et
1479 448 1605 498 impli-

278 528 366 554 care
395 529 533 556 omnes
563 519 775 556 racionales
804 525 960 557 naturas
989 520 1107 557 instar
1139 519 1284 557 luciferi
1314 520 1501 569 superbie.
1557 520 1605 557 In

59 590 262 624 F01.171b-.
277 587 383 625 omni
419 588 523 625 enim
560 589 741 627 racionali
781 597 915 628 natura
953 590 992 628 in
1022 602 1098 640 qua
1134 603 1215 628 non
1253 596 1310 628 est
1350 589 1369 610 ’¹‘
1409 590 1605 629 humilitas

275 670 355 696 non
370 665 428 696 est
443 659 679 706 obediencia,
702 667 740 698 et
761 673 782 698 e
803 668 949 699 contra.
1004 661 1055 698 Et
1075 661 1295 711 quicunque
1316 673 1397 699 non
1418 662 1604 699 obedierit
1617 668 1697 694 Thus
1711 670 1802 700 everv‘

1617 702 1751 735 superior,
1760 702 1885 728 whether

274 729 507 767 universitati
540 742 667 767 rerum
701 743 781 769 non
810 738 866 769 est
896 744 982 770 vere
1020 732 1185 770 humilis.
1245 731 1350 769 Sicut
1387 744 1481 780 ergo
1519 744 1603 781 pre·
1616 736 1860 795 {fifflsssffilgpffi‘

1680 789 1685 801 5
1848 785 1869 801 “.

273 801 421 850 positus
441 801 618 839 secularis
638 802 697 839 vel
717 802 919 852 spiritualis
939 809 1028 852 post
1048 803 1128 841 eius
1148 803 1429 841 exaltacionem
1450 803 1499 840 ad
1518 815 1603 853 pre·
1616 812 1810 862 ffisffisgffissd
1824 845 1856 862 50

272 872 484 921 posituram
512 873 625 910 debet
653 885 737 911 esse
766 873 945 911 humilior
972 874 1276 924 quibuscunque,
1298 874 1352 912 sic
1380 873 1494 912 debet
1522 886 1605 912 esse
1617 870 1849 929 fflgreffgessjgj

1617 937 1686 968 tion,
1701 937 1844 969 following

1618 971 1665 996 the
1675 971 1817 1003 examples
1830 971 1862 996 of

1617 1004 1714 1031 David
1721 1004 1887 1031 andChrist.

222 957 262 979 10
274 943 520 981 obediencior
553 944 743 993 capiendo
775 945 998 994 exemplum
1028 944 1077 983 de
1110 944 1249 990 David,
1280 951 1438 994 gerente
1468 951 1604 994 typum

60 1029 76 1050 2
95 1019 181 1052 Sam.
194 1019 237 1053 vi.
274 1014 398 1060 Cristi,
421 1015 487 1065 qui
509 1012 544 1052 2i
565 1014 661 1065 Reg.
682 1016 727 1052 vi.
748 1023 836 1065 post
856 1016 1026 1065 regimen
1047 1015 1230 1065 adeptum
1253 1016 1391 1065 legitur
1409 1016 1605 1054 accinctus

56 1072 153 1140 {3⁸3-
273 1085 391 1135 ephot
419 1086 511 1123 linio
539 1093 576 1124 et
604 1086 828 1136 percuciens
855 1087 894 1124 in
924 1087 1080 1136 organis
1109 1087 1306 1136 armigatis
1333 1086 1351 1107 *
1373 1100 1419 1125 ac
1448 1087 1605 1125 saltasse

272 1157 361 1194 totis
390 1157 531 1194 viribus
560 1169 692 1196 coram
721 1157 848 1195 archa.
908 1157 970 1196 Sic
998 1158 1038 1194 in
1067 1170 1169 1196 novo
1198 1164 1429 1197 testamento
1459 1158 1607 1197 Cristus

273 1240 446 1274 summus
482 1241 550 1266 rex
584 1235 622 1266 et
655 1228 835 1267 sacerdos
869 1229 1049 1266 exultavit
1078 1235 1118 1266 ut
1146 1229 1257 1278 gigas
1287 1229 1336 1267 ad
1377 1231 1607 1268 currendam

221 1307 259 1340 15
274 1299 374 1337 viam
393 1311 525 1336 coram
541 1299 701 1338 ecclesia
717 1306 754 1337 et
768 1299 901 1338 habuit
916 1300 1043 1338 omnis
1063 1300 1215 1349 generis
1235 1312 1382 1350 organa
1398 1300 1607 1350 spiritualia

273 1370 389 1408 armis
425 1376 462 1408 et
504 1369 673 1408 humeris
717 1370 872 1420 alligata
886 1369 911 1409 ¹,
976 1370 1038 1408 Sic
1084 1371 1189 1408 enim
1234 1371 1401 1409 obedivit
1449 1371 1606 1410 lucifero

55 1445 152 1484 Matt.
169 1443 213 1495 ivt
230 1453 260 1484 3.
273 1441 410 1479 Matth.
435 1441 501 1488 ivo,
535 1441 703 1480 obedivit
731 1441 906 1480 Scarioth
935 1441 1018 1480 Ioh.
1046 1442 1121 1489 xiii,
1149 1442 1317 1480 obedivit
1343 1449 1381 1480 et
1413 1444 1605 1492 tyrrannis

53 1488 142 1529 John
157 1499 225 1520 xm.
272 1512 448 1561 gentibus
468 1513 552 1550 luce
575 1520 656 1561 230.
711 1513 763 1551 Et
783 1513 878 1550 sicut
899 1511 1083 1559 Mich012,
1100 1513 1178 1553 filia
1198 1513 1300 1560 Saul,
1317 1514 1445 1551 derisit
1465 1513 1603 1561 David,
1618 1520 1673 1546 But
1687 1520 1734 1546 the
1747 1521 1843 1553 clergy

57 1540 107 1571 14.
1615 1554 1711 1579 deride
1725 1554 1826 1580 Christ'

54 1575 148 1607 LUke
159 1574 248 1606 xxm·
271 1584 417 1629 dicens,
443 1583 563 1630 Quam
586 1585 774 1633 gloriosus
786 1585 881 1635 suz't
897 1597 971 1622 rex
991 1583 1119 1621 Israel
1137 1585 1250 1630 hodie,
1272 1586 1534 1634 dzscooperz'ens
1566 1599 1601 1623 se
1614 1587 1746 1620 humility
1758 1597 1789 1614 as
1829 1564 1843 1581 ⁵

218 1663 259 1687 20
271 1659 354 1692 ante
368 1655 527 1692 ancillas
538 1667 728 1693 servorum
744 1668 907 1702 suoram,
927 1660 961 1692 et
971 1656 1132 1692 nudatus
1160 1660 1213 1692 est
1229 1657 1344 1704 quasi
1361 1656 1420 1692 sz'3
1447 1657 1604 1694 nudetur
1616 1622 1724 1682 gfff?
1735 1622 1784 1648 (hd

54 1718 99 1749 Β·
271 1739 368 1764 unus
387 1726 427 1762 de
444 1727 600 1773 scurris,
623 1726 676 1764 sic
699 1726 909 1775 superbus4
928 1726 1062 1772 clerus,
1084 1726 1150 1776 qui
1171 1726 1317 1764 videtur
1332 1726 1459 1765 David
1471 1735 1603 1766 nostro

271 1797 452 1846 spirituali
465 1798 709 1835 matrimonio
726 1798 939 1847 copulatus,
954 1798 1100 1836 deridet
1115 1810 1205 1835 eum
1221 1799 1605 1847 proporcionabiliter

271 1868 311 1905 in
331 1868 481 1915 effectu,
502 1868 594 1905 dum
614 1869 759 1918 obligat
785 1881 825 1907 se
855 1869 904 1906 ad
924 1869 1128 1906 vivendum
1149 1869 1309 1907 similius
1330 1870 1403 1907 vite
1425 1869 1548 1917 Cristi,
1568 1878 1606 1909 et

271 1946 358 1989 post
377 1939 448 1977 hec
469 1939 561 1977 dicit
579 1940 619 1977 in
639 1940 940 1978 conversacione
961 1940 1066 1990 quod
1093 1940 1178 1978 talis
1208 1940 1282 1978 vita
1313 1940 1441 1979 Cristo
1472 1942 1604 1980 similis

221 2013 258 2045 25
273 2009 369 2048 foret
388 2010 551 2048 omnino
565 2011 620 2048 eis
640 2011 918 2049 inconveniens
937 2017 1125 2061 tanquam
1145 2011 1336 2061 ignobilis,
1355 2024 1445 2049 cum
1466 2012 1604 2050 debeat

271 2093 352 2118 non
386 2081 515 2119 solum
544 2081 717 2120 ecclesiis
753 2079 845 2132 (que
875 2089 962 2120 sunt
991 2082 1128 2120 ancille
1157 2082 1375 2132 principum
1405 2095 1602 2122 servorum

271 2151 395 2198 Cristi,
417 2152 481 2202 qui
512 2158 600 2191 sunt
621 2153 768 2190 domini
796 2151 1012 2204 seculares),
1035 2154 1102 2191 sed
1124 2153 1285 2191 omnino
1315 2154 1406 2204 ipsis
1435 2154 1603 2193 dominis

270 2223 504 2261 secularibus
531 2236 682 2261 summe
706 2224 927 2261 seculariter
954 2224 1171 2271 dominari;
1202 2224 1289 2262 ideo
1319 2237 1401 2262 non
1433 2225 1542 2263 decet
1562 2232 1604 2264 ut

271 2294 325 2332 eis
345 2293 538 2341 obediant,
559 2300 596 2332 et
624 2295 678 2332 sic
699 2295 843 2333 nedum
864 2294 971 2332 obliti
997 2300 1086 2333 sunt
1105 2295 1386 2344 predicacionis
1406 2298 1602 2335 armonice

219 2368 261 2399 30
274 2365 440 2411 citaredi,
462 2365 528 2403 sed
554 2372 591 2403 et
618 2365 840 2415 particionis
869 2365 1026 2416 triplicis
1047 2366 1094 2403 de
1121 2379 1198 2416 qua
1217 2367 1355 2415 legitur
1374 2367 1413 2404 in
1433 2367 1602 2417 hystoria

270 2436 335 2473 ubi
355 2448 480 2485 supra,
495 2436 548 2473 sic
564 2436 668 2486 quod
684 2436 918 2474 verificatum
933 2443 990 2475 est
1005 2437 1052 2474 de
1069 2437 1209 2475 nostris
1225 2437 1316 2474 illud
1332 2438 1601 2488 propheticum

52 2506 96 2538 Is.
114 2506 161 2539 iii.
269 2505 359 2544 Yes.
399 2513 442 2555 30
480 2519 558 2556 quo
597 2507 777 2546 dominus
816 2508 870 2545 sic
904 2508 1049 2554 effatur,
1084 2507 1195 2545 Dabo
1220 2510 1383 2557 paer0s⁵
1406 2512 1598 2559 principes
1611 2524 1854 2590 {ssffigfsfflinssffy

269 2590 404 2624 eorum,
441 2583 476 2614 et
509 2579 711 2628 cffimz'nalz'
743 2578 1029 2616 dominabuntur
1065 2580 1127 2615 ez’s.
1184 2579 1385 2628 Prepositi,
1426 2580 1597 2630 inquam,
1612 2591 1711 2650 Isaiaht
1714 2592 1770 2650 ἕως
1790 2601 1868 2629 cpme

1612 2634 1687 2657 upon
1734 2634 1749 2650 e
1770 2634 1880 2657 prlnces

270 2648 430 2687 ecclesie
451 2655 539 2686 sunt
558 2649 663 2698 pueri
676 2649 689 2669 ⁶
708 2649 849 2687 noticia
869 2655 906 2687 et
927 2650 1226 2688 conversacione
1253 2657 1290 2688 et
1318 2657 1449 2688 tamen
1469 2652 1597 2689 vendi·
1612 2659 1644 2685 of
1654 2659 1701 2685 the
1720 2659 1844 2695 Church,

313 2742 324 2760 ¹
341 2743 474 2775 honoris
489 2744 644 2785 allegata,
662 2753 694 2775 A.
785 2743 797 2761 ²
812 2744 845 2775 N
848 2744 921 2781 icol,
938 2753 971 2776 A.
1063 2744 1075 2762 ³
1091 2745 1128 2784 si,
1148 2756 1208 2777 om.
1226 2753 1260 2777 A.
1351 2745 1362 2763 4
1380 2747 1545 2788 superbet,
1564 2756 1597 2779 A.

270 2793 282 2811 ⁵
309 2805 418 2836 puros,
435 2804 468 2827 Α.
562 2795 575 2813 ⁶
594 2796 676 2836 puri,
694 2805 726 2827 A.

902 2865 925 2890 R
949 2866 967 2889 2
