2051 3299
684 237 749 269 DE
781 235 975 269 OFFICIO
1007 234 1164 267 REGIS.
1793 235 1874 277 223

269 341 460 389 cacionis,’
481 342 517 380 A
541 342 653 381 nobis.
709 342 817 391 Ergo
841 354 864 379 a
887 341 969 392 pari
998 340 1072 379 hoc
1101 339 1340 389 contingeret
1368 340 1407 376 in
1437 339 1596 389 quibus-

268 427 433 464 cumque
453 415 493 451 in
512 414 652 464 quibus
672 426 753 451 non
773 413 996 450 inniteretur
1011 410 1226 449 auctoritati
1242 411 1436 460 scripture.
1496 410 1597 447 Cum

268 485 372 522 enim
402 497 483 522 non
516 485 562 522 sit
594 497 663 534 per
694 496 735 522 se
766 483 957 522 credibilis
984 488 1135 531 oportet
1163 481 1252 518 dare
1279 480 1435 530 aliquod
1462 480 1597 518 funda-

268 562 442 593 mentum
473 556 534 593 cui
562 555 762 592 innitendo
796 554 934 591 debeat
966 553 1071 591 credi
1109 553 1192 590 sibi.
1253 551 1329 589 Sed
1360 551 1508 588 nullum
1542 559 1599 588 est

237 627 442 668 5dandum
473 627 546 664 nisi
575 626 687 664 fuerit
706 626 766 662 lex
798 625 990 674 magistri;
1022 624 1129 661 aliter
1148 624 1253 661 enim
1283 636 1330 660 ex
1354 623 1598 660 confessione

268 698 424 746 propria
444 709 525 735 non
544 697 760 735 crederetur
789 696 861 733 sibi
880 696 920 733 in
940 696 1080 745 aliquo.
1140 693 1319 732 Secundo
1349 694 1597 731 confirmatur
1608 697 1833 757 ἑῖζξῖξῗὲῖιὲηε

52 775 134 805 Pol.
145 775 215 805 166
226 782 257 804 a.
270 781 318 805 ex
333 768 407 805 hoc
422 768 526 817 quod
542 780 621 805 non
637 774 695 805 est
714 780 781 816 per
801 779 840 804 se
861 766 1099 804 credendum
1113 765 1225 803 bullis
1241 765 1443 815 papalibus
1461 763 1493 811 *,
1509 777 1597 802 curn
1610 764 1879 830 ffigffffllgpitsseis

270 845 360 876 tunc
381 846 509 877 essent
535 838 682 876 articuli
713 838 801 875 fidei
833 838 946 874 nimis
978 843 1182 874 onerantes
1212 836 1425 881 ecclesiam,
1448 842 1485 873 et
1517 847 1598 872 non
1611 832 1770 891 {3⁵35ssng
1783 832 1878 891 gvffflld

270 910 323 947 sic
351 922 420 959 per
452 921 594 959 papam
624 916 661 946 et
691 909 786 946 alios
817 908 970 946 cottidie
1001 908 1209 945 adversate.
1267 906 1368 945 Cum
1399 907 1512 955 igitur
1539 906 1599 942 ille
1611 899 1861 964 {3³r‘1'g)’a{¹1{·ffgr}}te;e

218 990 258 1012 10
271 982 345 1018 sint
376 981 478 1031 paris
509 981 742 1018 auctoritatis
774 992 864 1018 cum
895 980 978 1017 aliis
1009 980 1088 1017 suis
1116 979 1297 1028 epistulis,
1319 978 1465 1015 videtur
1491 977 1598 1026 quod
1611 967 1855 1032 {ffgvegnstgigiss

269 1052 515 1102 adiungenda
546 1058 603 1089 est
633 1051 706 1089 alia
736 1051 921 1100 probacio
955 1057 997 1088 ut
1028 1051 1288 1088 indubitanter
1320 1050 1497 1087 credatur
1527 1049 1600 1086 illis
1612 1040 1683 1060 ture·

270 1136 388 1174 quam
408 1123 555 1160 nudum
584 1122 709 1160 dicere
733 1122 971 1172 presidentis.
1030 1121 1124 1160 Non
1153 1122 1257 1159 enim
1286 1120 1402 1158 habet
1431 1120 1602 1158 colorem

272 1194 378 1244 quod
402 1194 505 1231 curia
525 1193 588 1230 1113
607 1194 808 1231 necessitet
829 1193 1028 1230 hominem
1048 1192 1096 1230 ad
1117 1192 1355 1230 credendum
1385 1191 1523 1229 falsum
1544 1191 1601 1229 vel

271 1265 549 1310 mentiendum,
589 1265 680 1314 quia
727 1265 781 1302 sic
829 1265 868 1302 in
916 1276 1008 1302 casu
1046 1270 1201 1313 cogeret
1249 1264 1298 1302 ad
1345 1263 1600 1313 peccandum.

219 1341 256 1374 Ῑ5
272 1335 434 1385 Oportet
454 1335 566 1384 igitur
586 1335 694 1372 inniti
714 1335 826 1373 alicui
846 1335 1033 1385 principio
1063 1335 1307 1373 confirmanti
1336 1334 1473 1372 iudicia
1502 1334 1604 1371 dicta

270 1413 307 1444 et
336 1406 436 1444 facta
466 1406 629 1456 papalia,
657 1419 746 1444 cum
777 1419 845 1456 per
873 1419 913 1444 se
942 1419 1022 1444 non
1055 1406 1258 1444 sufficiunt.
1317 1405 1400 1443 Nec
1430 1412 1603 1455 superest

271 1478 373 1515 aliud
394 1490 510 1528 quarn
530 1478 730 1527 speculum
751 1478 1034 1527 scripturarum.
1094 1477 1229 1515 Petrus
1259 1477 1362 1515 enim
1390 1477 1538 1523 erravit,
1560 1483 1706 1522 ut(Eve13
1721 1483 1804 1509 Peter
1825 1492 1882 1509 was

55 1552 131 1584 Gal.
150 1552 183 1583 ii.
203 1559 231 1592 7-
272 1555 377 1598 patet
396 1548 519 1586 Galla.
540 1555 592 1595 20,
609 1556 645 1586 et
665 1549 785 1586 multo
806 1549 929 1598 magis
945 1549 1133 1599 contingit
1152 1555 1306 1587 nostros
1327 1561 1454 1586 errare
1475 1548 1541 1597 qui
1561 1548 1601 1584 in
1614 1527 1683 1544 ⁰⁰oe
1697 1527 1724 1544 m
1738 1517 1835 1550 mon)

273 1619 382 1657 dictis
416 1626 454 1656 et
487 1619 595 1657 factis
628 1626 777 1657 tantum
807 1631 829 1656 a
862 1620 1002 1657 53110115
1032 1620 1262 1669 discrepant.
1320 1619 1404 1656 Nec
1443 1619 1603 1656 dubium

220 1708 260 1729 20
274 1691 367 1740 quin
387 1690 588 1728 blasfemia
607 1690 704 1727 foret
724 1691 910 1728 instruere
931 1691 1153 1728 cristicollas
1173 1697 1214 1728 ut
1234 1691 1424 1741 quidquid
1445 1690 1603 1728 fecerint

272 1762 330 1799 vel
369 1762 533 1799 dixerint
567 1762 727 1799 credant
765 1762 870 1811 quod
913 1762 960 1799 sit
998 1762 1217 1799 faciendum
1255 1762 1489 1800 catholicum
1528 1762 1603 1799 sive

274 1846 416 1871 verum.
492 1833 569 1870 Sed
607 1834 731 1870 maior
769 1833 865 1870 foret
903 1833 1103 1871 blasfemia
1143 1834 1296 1882 exigere
1337 1833 1604 1871 obedienciam

58 1910 100 1940 G.
272 1904 467 1942 credendo
498 1903 741 1941 defendendo
773 1904 832 1941 vel
865 1905 1097 1954 exequendo
1128 1904 1276 1941 falsum.
1335 1905 1477 1943 Tercio
1506 1917 1599 1943 con-
1615 1905 1650 1937 (3)
1664 1904 1835 1936 1ftheP0pe
1848 1904 1872 1929 is

1612 1939 1643 1964 of
1648 1938 1731 1970 equal
1741 1938 1886 1970 authority

273 1976 445 2013 firmatur
464 1989 512 2013 ex
532 1975 607 2013 hoc
629 1975 733 2025 quod
754 1976 784 2012 si
805 1982 892 2013 sunt
912 1976 1014 2025 paris
1037 1976 1270 2014 auctoritatis
1299 1989 1387 2014 cum
1417 1976 1601 2026 apostolis
1615 1972 1884 2038 ζῐξὲῧῐῇξέξῗξῦθῧ

221 2064 259 2096 25
273 2053 311 2084 et
348 2047 534 2096 scripture
572 2059 678 2084 sacre
716 2047 946 2093 auctoribus,
986 2060 1077 2085 cum
1121 2054 1297 2097 possunt,
1337 2055 1379 2085 ut
1425 2039 1865 2105 inquiunttsffgiggssfii'rffiegf

1616 2107 1758 2139 scripture
1770 2106 1827 2132 will

1615 2149 1685 2172 vary
1699 2140 1765 2165 with
1778 2140 1825 2165 the

274 2190 493 2239 apostolum
531 2201 575 2226 ac
608 2189 810 2227 dominum
848 2190 1080 2239 dispensare,
1115 2190 1262 2227 videtur
1300 2191 1407 2240 quod
1444 2191 1602 2228 fluctuat
1614 2174 1885 2233 ξῖξῖιᾶὲῐὲἶξᾞὲἶ

275 2261 458 2309 scripture
478 2272 585 2298 sacre
606 2261 821 2306 auctoritas,
837 2273 925 2298 cum
945 2261 1017 2311 ipsi
1038 2268 1118 2298 tam
1138 2261 1290 2311 fragiles
1311 2262 1462 2311 possint
1477 2262 1603 2311 ipsam
1616 2246 1707 2267 mentS
1720 2241 1789 2267 ΟΜ

277 2332 413 2369 0101115
434 2343 589 2369 5011511111
619 2338 833 2381 pervertere
847 2332 871 2379 ¹,
893 2338 931 2369 et
960 2339 1053 2370 tunc
1084 2332 1240 2370 indubie
1269 2339 1358 2370 sunt
1390 2333 1606 2382 superiores

274 2118 496 2155 seductores
535 2130 679 2164 eorum,
711 2119 937 2167 scripturam
975 2131 1124 2156 sacram
1162 2119 1354 2169 corrigere
1392 2126 1430 2157 et
1468 2127 1602 2157 contra

224 2426 266 2457 30
279 2403 439 2440 ecclesia
458 2403 727 2452 triumphante,
745 2403 841 2440 sicut
860 2409 975 2452 caput
994 2416 1129 2440 eorum
1149 2404 1340 2441 extollitur
1360 2416 1474 2454 super
1489 2417 1607 2442 omne

279 2473 385 2522 quod
419 2474 553 2511 dicitur
585 2473 690 2512 deus.
747 2473 866 2511 Istam
901 2475 1139 2511 sentenciam
1175 2474 1288 2512 debet
1327 2475 1448 2512 fidelis
1483 2475 1608 2514 dicere

282 2544 505 2582 obedienter
542 2550 756 2581 reverenter
794 2551 831 2582 et
868 2543 1080 2582 ferventer2
1108 2557 1267 2583 romane
1305 2546 1479 2592 ecclesie,
1517 2547 1608 2596 quia

280 2621 431 2652 tantum
461 2615 639 2652 dicuntur
669 2621 820 2664 satrape
852 2616 934 2653 eius
953 2617 993 2653 in
1012 2616 1253 2653 blasfemiam
1283 2618 1471 2667 provoluti
1502 2619 1608 2668 quod

281 2686 503 2736 ignorantes
537 2687 663 2735 legem
694 2685 936 2735 fragilitatem
967 2694 1004 2726 et
1034 2688 1185 2737 lapsum
1222 2689 1423 2739 proprium
1457 2696 1608 2727 contra-

228 2778 268 2810 35
283 2757 416 2795 dicunt
445 2757 622 2795 maniace
654 2757 724 2794 sibi
754 2758 845 2807 ipsis
874 2765 912 2796 et
941 2758 1016 2809 legi
1050 2759 1208 2804 domini,
1229 2760 1396 2809 perdunt
1424 2761 1608 2810 plurimos

377 2840 388 2858 ¹
412 2841 593 2872 subvertere
607 2845 672 2881 pro
693 2846 880 2882 pervertere,
898 2849 930 2872 Β.
1018 2840 1030 2859 ²
1053 2841 1193 2874 furenter
1207 2847 1271 2884 pro
1294 2843 1459 2881 ferventer,
1479 2853 1512 2874 A.
