2051 3299
694 241 756 271 DE
789 239 981 271 OFFICIO
1015 239 1169 270 REGiS-

260 347 417 394 populos
436 343 650 394 peccatum,'
672 349 757 381 tunc
782 357 935 394 regnum
956 343 1082 381 stabile
1104 344 1268 380 creditur
1296 355 1376 379 cum
1397 344 1505 390 culpa
1531 354 1596 390 que

267 419 498 465 cognoscitur
531 418 645 455 cicius
674 417 895 453 emendatur.
953 415 1038 451 Ideo
1072 427 1153 451 cum
1188 427 1301 450 causa
1332 415 1440 450 ruine
1464 413 1600 461 populi

266 493 354 524 sunt
369 489 569 525 sacerdotes
589 489 686 524 mali
711 486 811 537 (quis
831 487 923 523 enim
946 493 1019 534 pro
1040 487 1203 534 peccatis
1224 486 1361 534 populi
1382 486 1595 521 intercessor

266 572 302 595 se
320 559 461 604 obiciat,
477 561 516 596 si
533 560 701 595 sacerdos
720 560 788 607 qui
803 570 964 594 exorare
979 557 1150 594 debuerat
1161 558 1350 605 graviora
1370 553 1593 603 comittatfl),

233 640 250 671 5
265 643 309 666 ac
339 631 378 666 in
409 631 540 666 vestris
561 630 739 678 partibus
768 629 968 665 sacerdotes
995 628 1174 675 impudice
1198 631 1231 663 et
1258 628 1418 675 nequiter
1444 638 1592 662 conver-

264 705 411 746 santur,
451 702 504 737 ad
537 701 599 737 lzec
638 701 843 737 ulciscenda
882 699 1045 736 debemus
1085 699 1259 734 ardenter
1296 709 1514 745 consurgere
1550 708 1593 732 ne

259 778 461 819 paucorum
479 773 644 822 facinus
674 772 724 808 sit
750 771 948 807 multorum
972 770 1151 818 perdicio.
1208 767 1266 804 Et
1292 769 1479 817 sequitur:
1506 773 1591 815 per-

261 855 399 889 sonam,
430 844 469 879 si
488 843 662 891 precipis,
692 855 774 878 cum
805 845 925 878 nostre
955 841 1186 877 auctoritatis
1218 852 1368 875 assensu
1399 839 1590 875 transmit-

261 915 382 958 timus,
404 927 470 962 que
488 927 563 950 una
583 926 664 949 cum
685 913 772 950 aliis
791 911 1037 949 sacerdotibus
1065 911 1127 947 liec
1148 915 1181 947 et
1196 910 1377 947 subtiliter
1395 922 1542 957 querere
1561 913 1593 944 et

211 992 250 1014 10
261 986 456 1022 secundum
488 986 589 1021 deum
621 985 743 1021 debeat
767 984 966 1020 emendare.
1024 981 1105 1019 Nec
1123 986 1212 1018 sunt
1235 981 1507 1017 dissimulanda
1526 993 1591 1028 que

261 1057 428 1102 dicimus,
455 1057 543 1104 quia
571 1057 640 1105 qui
668 1055 854 1092 emendare
886 1057 1002 1102 potest
1032 1057 1066 1089 et
1095 1053 1251 1101 negligit
1276 1053 1497 1100 participem
1531 1049 1590 1088 se1

249 1127 390 1174 procul
416 1127 521 1163 dubio
548 1128 672 1163 delicti
695 1127 891 1163 constituit.
948 1125 1145 1161 Providete
1176 1124 1296 1172 igitur
1325 1123 1445 1159 anime
1464 1126 1588 1168 vestre,

248 1198 438 1245 providete
454 1198 635 1246 nepotibus
656 1198 787 1234 vestris
807 1210 896 1245 quos
916 1197 1049 1245 cupitis
1069 1208 1229 1244 regnare
1240 1195 1420 1244 filiciter,
1433 1194 1590 1242 provide

250 1269 472 1320 provinciis,
493 1273 526 1305 et
533 1270 758 1317 priusquam
780 1272 924 1304 creator
943 1271 1061 1304 noster
1080 1279 1229 1303 manum
1250 1278 1355 1302 suam
1375 1266 1429 1301 ad
1438 1265 1588 1314 ferien-

206 1345 243 1377 15
258 1340 344 1375 dum
375 1340 551 1376 excuciat
586 1340 627 1376 de
664 1340 888 1376 correccione
920 1339 1030 1375 huius
1060 1339 1204 1374 sceleris
1236 1338 1391 1373 studiose
1420 1338 1585 1385 cogitate.

41 1406 88 1436 30
105 1414 136 1436 a·
257 1409 359 1448 Ecce
389 1411 584 1448 sentencia
607 1423 725 1460 quam
746 1411 823 1447 dixi
844 1410 890 1447 de
912 1410 1011 1459 regis
1026 1409 1151 1447 officio
1168 1406 1384 1457 tripartit02.
1408 1406 1425 1426 *
1444 1407 1457 1427 ³
1470 1407 1586 1444 Unde

256 1481 321 1530 qui
356 1482 587 1530 dogmatisat
617 1482 771 1531 regibus
800 1481 1032 1519 contrarium
1060 1480 1148 1517 huic
1175 1480 1365 1517 sentencie
1386 1485 1443 1516 est
1462 1478 1586 1514 mani-

255 1552 372 1589 festus
392 1564 525 1589 eorum
545 1553 729 1601 proditor,
746 1564 836 1590 cum
855 1551 1011 1589 molitor
1024 1551 1181 1601 perdere
1202 1551 1424 1600 precipuam
1441 1549 1586 1598 regiam

254 1630 497 1673 potestatem.
554 1625 649 1662 Ideo
681 1624 814 1673 procul
846 1636 868 1660 a
903 1623 1060 1668 clericis,
1090 1628 1127 1659 et
1154 1622 1335 1671 precipue
1365 1634 1388 1658 a
1416 1633 1519 1670 papa
1548 1620 1587 1658 et

204 1707 243 1729 20
256 1695 355 1744 regis
376 1695 517 1743 legiis&
538 1695 757 1733 contrariari
775 1695 837 1732 isti
858 1694 1063 1732 sentencie.
1119 1693 1166 1729 In
1186 1693 1259 1730 hoc
1280 1693 1381 1729 enim
1403 1692 1585 1741 precipue

257 1765 445 1803 debemus
483 1765 674 1803 honorem
712 1766 878 1814 regibus,
918 1772 955 1802 et
993 1770 1148 1814 propter
1185 1764 1478 1802 ommissionem
1517 1774 1584 1799 eos

38 1842 165 1872 Decret.
253 1844 541 1886 contempnere,
563 1838 713 1874 dicente
729 1837 884 1874 decreto
905 1836 997 1873 xxiii
1019 1848 1054 1884 q.
1075 1848 1113 1873 v:
1141 1835 1283 1872 ‘Dicat
1300 1832 1459 1883 aliquis,’
1478 1833 1588 1871 Sicut

38 1892 202 1969 {2³2³}ssss
208 1937 237 1968 5·
242 1909 481 1957 principibus
500 1913 534 1945 et
550 1908 788 1957 potestatibus
805 1908 920 1957 fidem
941 1912 975 1944 et
1000 1908 1242 1944 reverenciam
1270 1911 1452 1955 coguntur
1474 1906 1583 1942 exbi-

250 1980 338 2026 bere,
347 1981 399 2016 ita
411 1981 629 2017 secularium
644 1981 865 2028 dignitatum
878 1978 1265 2016 administracionibus
1277 1977 1583 2025 defendendarum

200 2067 239 2099 25
252 2052 485 2088 ecclesiarum
506 2052 694 2088 necessitas
714 2051 899 2088 incumbit.
951 2050 1059 2096 Quod
1074 2050 1247 2099 sifacere
1266 2049 1543 2097 contempserint
1559 2062 1583 2085 a

252 2125 460 2160 comunione
492 2128 581 2160 sunt
607 2123 808 2172 repellendi.
865 2122 916 2159 Et
953 2128 1110 2171 propter
1138 2121 1238 2157 istud
1268 2120 1438 2158 officium
1472 2133 1582 2170 reges

36 2204 107 2235 Dis,
125 2213 202 2237 xm,
250 2207 337 2231 vere
384 2195 474 2231 dicti
522 2201 609 2232 sunt
653 2194 866 2244 pontifices,
910 2200 952 2230 ut
993 2199 1098 2242 patet
1140 2192 1202 2229 xvi
1240 2191 1502 2236 distinccione‚
1541 2192 1583 2228 de

35 2263 106 2295 Dis.
124 2273 199 2296 XXI·
250 2266 435 2314 capitulis,
457 2271 494 2302 et
519 2266 585 2302 xxi
606 2266 869 2309 distinccione,
889 2264 1027 2302 Cleros.
1083 2263 1120 2300 N
1125 2276 1168 2301 ec
1188 2263 1287 2300 valet
1308 2263 1457 2300 dicere⁵
1476 2263 1580 2312 quod
1593 2274 1654 2301 The
1667 2275 1767 2308 higher
1780 2276 1827 2302 the

35 2317 61 2339 C.
82 2317 110 2340 1.

1593 2309 1662 2334 rank
1675 2310 1706 2335 of
1716 2319 1733 2335 a
1746 2310 1841 2342 priest,

250 2337 338 2374 licet
375 2336 610 2374 secularibus
649 2337 784 2386 punire
833 2335 1025 2385 simplices
1073 2334 1293 2372 sacerdotes
1332 2346 1413 2371 non
1451 2342 1578 2372 autem
1591 2343 1730 2408 ἑξξγιῃοζῖ
1741 2353 1846 2403 ηῗζςρς-,

1666 2386 1688 2402 1s
1734 2386 1748 2402 e
1789 2387 1860 2410 ings

197 2419 238 2449 30
251 2409 478 2458 superiores,
501 2409 590 2458 quia
620 2409 659 2445 in
685 2408 756 2444 illis
785 2413 844 2444 est
874 2407 985 2456 culpa
1014 2407 1177 2455 gravior,
1204 2405 1472 2442 inobediencia
1499 2407 1577 2455 regi
1591 2418 1685 2448 p0wer
1697 2411 1728 2436 0f
1737 2411 1852 2443 punish-

250 2481 382 2526 maior,
403 2486 440 2517 et
459 2479 715 2529 irregularitas
735 2490 857 2527 regno
878 2477 1137 2527 periculosior.
1195 2476 1280 2515 Nec
1308 2477 1579 2527 temporalium

291 2623 302 2642 ¹
327 2635 369 2661 se,
393 2635 453 2655 om.
478 2632 512 2655 Α.
662 2623 673 2641 ²
694 2628 724 2655 et
746 2623 906 2665 ripertsto,
930 2631 964 2653 A.
1112 2622 1124 2639 ³
1148 2623 1242 2654 Hinc
1266 2623 1300 2662 (a
1323 2624 1430 2655 media
1452 2625 1508 2657 col.
1536 2634 1576 2666 29

247 2687 270 2707 c.
289 2677 365 2707 MS.
383 2676 428 2717 Β.)
453 2687 555 2718 usque
576 2677 621 2707 ad
630 2676 739 2717 finem
763 2677 817 2706 col.
840 2685 879 2716 29
901 2675 931 2705 d.
953 2675 1045 2705 nz'lzz‘l
1064 2675 1223 2715 scriptum
1247 2680 1303 2714 est,
1325 2676 1576 2717 impedientibus

244 2729 364 2760 litteris
387 2730 526 2769 paginae
544 2729 766 2770 praecedentis
791 2729 825 2759 ob
853 2728 1047 2758 tenuitatem
1073 2728 1219 2758 cartulae
1242 2737 1364 2759 necnon
1390 2729 1579 2770 aframenti

244 2781 424 2811 acritatem.
556 2781 567 2797 ⁴
590 2781 694 2821 ligeis,
728 2788 756 2810 B.
892 2779 903 2795 ⁵
927 2779 971 2809 In
1004 2788 1126 2819 marg:
1153 2778 1260 2819 Reges
1287 2779 1438 2811 dicuntur
1464 2781 1574 2821 ponti-

244 2831 330 2870 fices,
348 2840 378 2863 B.

1591 2452 1639 2476 ing
1654 2444 1724 2472 him.
