<?xml version="1.0" encoding="UTF-8"?>
<!DOCTYPE html PUBLIC "-//W3C//DTD XHTML 1.0 Transitional//EN"
    "http://www.w3.org/TR/xhtml1/DTD/xhtml1-transitional.dtd">
<html xmlns="http://www.w3.org/1999/xhtml" xml:lang="en" lang="en">
 <head>
  <title>
</title>
<meta http-equiv="Content-Type" content="text/html;charset=utf-8" />
  <meta name='ocr-system' content='tesseract 3.04.00' />
  <meta name='ocr-capabilities' content='ocr_page ocr_carea ocr_par ocr_line ocrx_word'/>
</head>
<body>
  <div class='ocr_page' id='page_1' title='image "./tractatusdeoffic00wycl_0267.png"; bbox 0 0 2051 3299; ppageno 0'>
   <div class='ocr_carea' id='block_1_1' title="bbox 650 214 1127 247">
    <p class='ocr_par' dir='ltr' id='par_1_1' title="bbox 650 214 1127 247">
     <span class='ocr_line' id='line_1_1' title="bbox 650 214 1127 247; baseline -0.002 -1"><span class='ocrx_word' id='word_1_1' title='bbox 650 216 715 247; x_wconf 93' lang='lat' dir='ltr'>DE</span> <span class='ocrx_word' id='word_1_2' title='bbox 747 214 938 247; x_wconf 91' lang='lat' dir='ltr'>OFFICIO</span> <span class='ocrx_word' id='word_1_3' title='bbox 971 215 1127 246; x_wconf 86' lang='lat' dir='ltr'>REGIS.</span> 
     </span>
    </p>
   </div>
   <div class='ocr_carea' id='block_1_2' title="bbox 546 501 1239 543">
    <p class='ocr_par' dir='ltr' id='par_1_2' title="bbox 546 501 1239 543">
     <span class='ocr_line' id='line_1_2' title="bbox 546 501 1239 543; baseline -0.006 0"><span class='ocrx_word' id='word_1_4' title='bbox 546 505 577 543; x_wconf 68' lang='grc' dir='ltr'><em>Ἥ</em></span> <span class='ocrx_word' id='word_1_5' title='bbox 607 501 932 540; x_wconf 91' lang='lat' dir='ltr'><strong>CAPITULUM</strong></span> <span class='ocrx_word' id='word_1_6' title='bbox 963 501 1239 540; x_wconf 88' lang='lat' dir='ltr'><strong>DECIMUM.</strong></span> 
     </span>
    </p>
   </div>
   <div class='ocr_carea' id='block_1_3' title="bbox 173 620 1559 2729">
    <p class='ocr_par' dir='ltr' id='par_1_3' title="bbox 198 620 1557 882">
     <span class='ocr_line' id='line_1_3' title="bbox 289 620 1557 672; baseline 0.002 -14"><span class='ocrx_word' id='word_1_7' title='bbox 289 620 470 660; x_wconf 83' lang='lat' dir='ltr'>SECUNDO</span> <span class='ocrx_word' id='word_1_8' title='bbox 491 623 744 672; x_wconf 85' lang='lat' dir='ltr'>principaliter</span> <span class='ocrx_word' id='word_1_9' title='bbox 764 623 933 672; x_wconf 84' lang='lat' dir='ltr'>arguitur</span> <span class='ocrx_word' id='word_1_10' title='bbox 952 629 1085 661; x_wconf 90' lang='lat' dir='ltr'>contra</span> <span class='ocrx_word' id='word_1_11' title='bbox 1104 623 1174 660; x_wconf 89' lang='lat' dir='ltr'>tria</span> <span class='ocrx_word' id='word_1_12' title='bbox 1197 623 1298 661; x_wconf 88' lang='lat' dir='ltr'>dicta</span> <span class='ocrx_word' id='word_1_13' title='bbox 1321 636 1370 672; x_wconf 87' lang='lat'>39</span> <span class='ocrx_word' id='word_1_14' title='bbox 1393 630 1458 661; x_wconf 89' lang='lat' dir='ltr'>ca0</span> <span class='ocrx_word' id='word_1_15' title='bbox 1474 623 1557 661; x_wconf 89' lang='lat' dir='ltr'>libri</span> 
     </span>
     <span class='ocr_line' id='line_1_4' title="bbox 231 691 1556 742; baseline 0.003 -16"><span class='ocrx_word' id='word_1_16' title='bbox 231 691 404 739; x_wconf 86' lang='lat' dir='ltr'>proximi,</span> <span class='ocrx_word' id='word_1_17' title='bbox 426 692 551 740; x_wconf 87' lang='lat' dir='ltr'>primo</span> <span class='ocrx_word' id='word_1_18' title='bbox 576 699 709 730; x_wconf 89' lang='lat' dir='ltr'>eontra</span> <span class='ocrx_word' id='word_1_19' title='bbox 740 693 840 730; x_wconf 89' lang='lat' dir='ltr'>dicta</span> <span class='ocrx_word' id='word_1_20' title='bbox 871 693 917 730; x_wconf 92' lang='lat' dir='ltr'>de</span> <span class='ocrx_word' id='word_1_21' title='bbox 947 693 1311 730; x_wconf 83' lang='lat' dir='ltr'>excomunicacione</span> <span class='ocrx_word' id='word_1_22' title='bbox 1339 693 1444 742; x_wconf 89' lang='lat' dir='ltr'>quod</span> <span class='ocrx_word' id='word_1_23' title='bbox 1477 705 1556 730; x_wconf 91' lang='lat' dir='ltr'>non</span> 
     </span>
     <span class='ocr_line' id='line_1_5' title="bbox 233 760 1557 812; baseline 0.002 -15"><span class='ocrx_word' id='word_1_24' title='bbox 233 760 344 798; x_wconf 90' lang='lat' dir='ltr'>debet</span> <span class='ocrx_word' id='word_1_25' title='bbox 371 761 517 810; x_wconf 90' lang='lat' dir='ltr'>imponi</span> <span class='ocrx_word' id='word_1_26' title='bbox 550 762 677 807; x_wconf 87' lang='lat' dir='ltr'>invito,</span> <span class='ocrx_word' id='word_1_27' title='bbox 708 764 813 812; x_wconf 89' lang='lat' dir='ltr'>quod</span> <span class='ocrx_word' id='word_1_28' title='bbox 843 776 922 801; x_wconf 90' lang='lat' dir='ltr'>non</span> <span class='ocrx_word' id='word_1_29' title='bbox 952 770 1009 801; x_wconf 90' lang='lat' dir='ltr'>est</span> <span class='ocrx_word' id='word_1_30' title='bbox 1036 770 1195 812; x_wconf 88' lang='lat' dir='ltr'>propter</span> <span class='ocrx_word' id='word_1_31' title='bbox 1225 762 1557 801; x_wconf 84' lang='lat' dir='ltr'>inobedienciam¹</span> 
     </span>
     <span class='ocr_line' id='line_1_6' title="bbox 198 831 1556 882; baseline 0.004 -16"><span class='ocrx_word' id='word_1_32' title='bbox 198 840 216 873; x_wconf 88' lang='lat'>5</span> <span class='ocrx_word' id='word_1_33' title='bbox 233 831 387 867; x_wconf 87' lang='lat' dir='ltr'>obviarn</span> <span class='ocrx_word' id='word_1_34' title='bbox 408 831 645 870; x_wconf 89' lang='lat' dir='ltr'>ordinacioni</span> <span class='ocrx_word' id='word_1_35' title='bbox 658 831 671 851; x_wconf 80' lang='lat'>2</span> <span class='ocrx_word' id='word_1_36' title='bbox 697 832 862 870; x_wconf 90' lang='lat' dir='ltr'>hominis</span> <span class='ocrx_word' id='word_1_37' title='bbox 882 833 1090 879; x_wconf 89' lang='lat' dir='ltr'>inferenda,</span> <span class='ocrx_word' id='word_1_38' title='bbox 1113 840 1150 870; x_wconf 93' lang='lat' dir='ltr'>et</span> <span class='ocrx_word' id='word_1_39' title='bbox 1170 833 1371 882; x_wconf 87' lang='lat' dir='ltr'>quomodo</span> <span class='ocrx_word' id='word_1_40' title='bbox 1401 846 1556 871; x_wconf 85' lang='lat' dir='ltr'>excom-</span> 
     </span>
    </p>

    <p class='ocr_par' dir='ltr' id='par_1_4' title="bbox 232 900 1557 952">
     <span class='ocr_line' id='line_1_7' title="bbox 232 900 1557 952; baseline 0.004 -16"><span class='ocrx_word' id='word_1_41' title='bbox 232 900 408 938; x_wconf 86' lang='lat' dir='ltr'>unicacio</span> <span class='ocrx_word' id='word_1_42' title='bbox 445 913 525 938; x_wconf 90' lang='lat' dir='ltr'>non</span> <span class='ocrx_word' id='word_1_43' title='bbox 564 909 620 940; x_wconf 88' lang='lat' dir='ltr'>est</span> <span class='ocrx_word' id='word_1_44' title='bbox 653 903 833 941; x_wconf 89' lang='lat' dir='ltr'>timenda.</span> <span class='ocrx_word' id='word_1_45' title='bbox 912 903 1091 942; x_wconf 85' lang='lat' dir='ltr'>Secundo</span> <span class='ocrx_word' id='word_1_46' title='bbox 1129 916 1209 941; x_wconf 91' lang='lat' dir='ltr'>non</span> <span class='ocrx_word' id='word_1_47' title='bbox 1247 904 1361 952; x_wconf 91' lang='lat' dir='ltr'>plane</span> <span class='ocrx_word' id='word_1_48' title='bbox 1399 904 1557 941; x_wconf 81' lang='lat' dir='ltr'>docetur</span> 
     </span>
    </p>

    <p class='ocr_par' dir='ltr' id='par_1_5' title="bbox 176 971 1559 1655">
     <span class='ocr_line' id='line_1_8' title="bbox 234 971 1556 1023; baseline 0.002 -16"><span class='ocrx_word' id='word_1_49' title='bbox 234 971 433 1020; x_wconf 89' lang='lat' dir='ltr'>quomodo</span> <span class='ocrx_word' id='word_1_50' title='bbox 463 972 549 1009; x_wconf 84' lang='lat' dir='ltr'>licet</span> <span class='ocrx_word' id='word_1_51' title='bbox 583 973 720 1011; x_wconf 92' lang='lat' dir='ltr'>clerico</span> <span class='ocrx_word' id='word_1_52' title='bbox 755 974 934 1023; x_wconf 88' lang='lat' dir='ltr'>occupari</span> <span class='ocrx_word' id='word_1_53' title='bbox 965 975 1062 1011; x_wconf 87' lang='lat' dir='ltr'>circa</span> <span class='ocrx_word' id='word_1_54' title='bbox 1091 975 1173 1011; x_wconf 84' lang='lat' dir='ltr'>iura</span> <span class='ocrx_word' id='word_1_55' title='bbox 1200 974 1334 1019; x_wconf 87' lang='lat' dir='ltr'>civilia,</span> <span class='ocrx_word' id='word_1_56' title='bbox 1364 985 1452 1011; x_wconf 92' lang='lat' dir='ltr'>cum</span> <span class='ocrx_word' id='word_1_57' title='bbox 1482 974 1556 1011; x_wconf 89' lang='lat' dir='ltr'>sint</span> 
     </span>
     <span class='ocr_line' id='line_1_9' title="bbox 229 1040 1559 1093; baseline 0.004 -16"><span class='ocrx_word' id='word_1_58' title='bbox 229 1040 394 1078; x_wconf 86' lang='lat' dir='ltr'>heretica</span> <span class='ocrx_word' id='word_1_59' title='bbox 422 1054 469 1079; x_wconf 84' lang='lat' dir='ltr'>ex</span> <span class='ocrx_word' id='word_1_60' title='bbox 499 1042 675 1089; x_wconf 86' lang='lat' dir='ltr'>decreto;</span> <span class='ocrx_word' id='word_1_61' title='bbox 706 1056 776 1081; x_wconf 91' lang='lat' dir='ltr'>nec</span> <span class='ocrx_word' id='word_1_62' title='bbox 797 1044 953 1081; x_wconf 83' lang='lat' dir='ltr'>docetur</span> <span class='ocrx_word' id='word_1_63' title='bbox 982 1044 1181 1093; x_wconf 86' lang='lat' dir='ltr'>quomodo</span> <span class='ocrx_word' id='word_1_64' title='bbox 1210 1044 1415 1093; x_wconf 89' lang='lat' dir='ltr'>episcopus</span> <span class='ocrx_word' id='word_1_65' title='bbox 1444 1044 1559 1082; x_wconf 88' lang='lat' dir='ltr'>debet</span> 
     </span>
     <span class='ocr_line' id='line_1_10' title="bbox 232 1111 1559 1164; baseline 0.004 -17"><span class='ocrx_word' id='word_1_66' title='bbox 232 1111 388 1148; x_wconf 90' lang='lat' dir='ltr'>obedire</span> <span class='ocrx_word' id='word_1_67' title='bbox 409 1112 572 1161; x_wconf 89' lang='lat' dir='ltr'>principi</span> <span class='ocrx_word' id='word_1_68' title='bbox 593 1113 762 1150; x_wconf 87' lang='lat' dir='ltr'>seculari.</span> <span class='ocrx_word' id='word_1_69' title='bbox 821 1113 1021 1160; x_wconf 84' lang='lat' dir='ltr'>Quantum</span> <span class='ocrx_word' id='word_1_70' title='bbox 1042 1114 1090 1151; x_wconf 90' lang='lat' dir='ltr'>ad</span> <span class='ocrx_word' id='word_1_71' title='bbox 1110 1114 1277 1163; x_wconf 88' lang='lat' dir='ltr'>primum</span> <span class='ocrx_word' id='word_1_72' title='bbox 1299 1113 1433 1150; x_wconf 87' lang='lat' dir='ltr'>dicitur</span> <span class='ocrx_word' id='word_1_73' title='bbox 1453 1113 1559 1164; x_wconf 90' lang='lat' dir='ltr'>quod</span> 
     </span>
     <span class='ocr_line' id='line_1_11' title="bbox 178 1180 1558 1232; baseline 0.003 -15"><span class='ocrx_word' id='word_1_74' title='bbox 178 1189 218 1212; x_wconf 87' lang='lat'>10</span> <span class='ocrx_word' id='word_1_75' title='bbox 231 1180 324 1218; x_wconf 86' lang='lat' dir='ltr'>false</span> <span class='ocrx_word' id='word_1_76' title='bbox 345 1182 485 1229; x_wconf 85' lang='lat' dir='ltr'>recitat,</span> <span class='ocrx_word' id='word_1_77' title='bbox 509 1194 597 1220; x_wconf 90' lang='lat' dir='ltr'>cum</span> <span class='ocrx_word' id='word_1_78' title='bbox 619 1183 713 1220; x_wconf 87' lang='lat' dir='ltr'>deus</span> <span class='ocrx_word' id='word_1_79' title='bbox 733 1185 1004 1221; x_wconf 85' lang='lat' dir='ltr'>excomunicat</span> <span class='ocrx_word' id='word_1_80' title='bbox 1020 1184 1250 1232; x_wconf 89' lang='lat' dir='ltr'>dampnatos</span> <span class='ocrx_word' id='word_1_81' title='bbox 1272 1184 1420 1221; x_wconf 88' lang='lat' dir='ltr'>invitos.</span> <span class='ocrx_word' id='word_1_82' title='bbox 1478 1184 1558 1221; x_wconf 83' lang='lat' dir='ltr'>Ex-</span> 
     </span>
     <span class='ocr_line' id='line_1_12' title="bbox 230 1252 1556 1303; baseline 0.002 -15"><span class='ocrx_word' id='word_1_83' title='bbox 230 1252 495 1290; x_wconf 88' lang='lat' dir='ltr'>comunicacio</span> <span class='ocrx_word' id='word_1_84' title='bbox 533 1253 655 1290; x_wconf 89' lang='lat' dir='ltr'>eciam</span> <span class='ocrx_word' id='word_1_85' title='bbox 693 1260 817 1302; x_wconf 87' lang='lat' dir='ltr'>potest</span> <span class='ocrx_word' id='word_1_86' title='bbox 856 1254 928 1291; x_wconf 93' lang='lat' dir='ltr'>dici</span> <span class='ocrx_word' id='word_1_87' title='bbox 966 1254 1179 1292; x_wconf 90' lang='lat' dir='ltr'>voluntaria</span> <span class='ocrx_word' id='word_1_88' title='bbox 1216 1266 1305 1291; x_wconf 90' lang='lat' dir='ltr'>cum</span> <span class='ocrx_word' id='word_1_89' title='bbox 1343 1260 1556 1303; x_wconf 88' lang='lat' dir='ltr'>peccatum,</span> 
     </span>
     <span class='ocr_line' id='line_1_13' title="bbox 231 1322 1556 1372; baseline 0.002 -13"><span class='ocrx_word' id='word_1_90' title='bbox 231 1322 340 1360; x_wconf 89' lang='lat' dir='ltr'>cuius</span> <span class='ocrx_word' id='word_1_91' title='bbox 379 1329 434 1360; x_wconf 89' lang='lat' dir='ltr'>est</span> <span class='ocrx_word' id='word_1_92' title='bbox 472 1335 582 1372; x_wconf 89' lang='lat' dir='ltr'>pena,</span> <span class='ocrx_word' id='word_1_93' title='bbox 618 1324 663 1361; x_wconf 88' lang='lat' dir='ltr'>sit</span> <span class='ocrx_word' id='word_1_94' title='bbox 696 1324 963 1361; x_wconf 90' lang='lat' dir='ltr'>voluntarium.</span> <span class='ocrx_word' id='word_1_95' title='bbox 1022 1323 1100 1370; x_wconf 85' lang='lat' dir='ltr'>Qui</span> <span class='ocrx_word' id='word_1_96' title='bbox 1138 1325 1243 1362; x_wconf 88' lang='lat' dir='ltr'>enim</span> <span class='ocrx_word' id='word_1_97' title='bbox 1281 1324 1344 1361; x_wconf 86' lang='lat' dir='ltr'>wlt</span> <span class='ocrx_word' id='word_1_98' title='bbox 1381 1324 1556 1371; x_wconf 84' lang='lat' dir='ltr'>fructum,</span> 
     </span>
     <span class='ocr_line' id='line_1_14' title="bbox 231 1393 1558 1444; baseline 0.001 -14"><span class='ocrx_word' id='word_1_99' title='bbox 231 1393 463 1431; x_wconf 82' lang='lat' dir='ltr'>antecedens</span> <span class='ocrx_word' id='word_1_100' title='bbox 500 1393 549 1430; x_wconf 91' lang='lat' dir='ltr'>ad</span> <span class='ocrx_word' id='word_1_101' title='bbox 587 1394 893 1443; x_wconf 84' lang='lat' dir='ltr'>suspensionem,</span> <span class='ocrx_word' id='word_1_102' title='bbox 927 1394 989 1431; x_wconf 86' lang='lat' dir='ltr'>wlt</span> <span class='ocrx_word' id='word_1_103' title='bbox 1024 1394 1203 1443; x_wconf 89' lang='lat' dir='ltr'>implicite</span> <span class='ocrx_word' id='word_1_104' title='bbox 1237 1395 1361 1444; x_wconf 88' lang='lat' dir='ltr'>ipsam</span> <span class='ocrx_word' id='word_1_105' title='bbox 1397 1407 1558 1444; x_wconf 84' lang='lat' dir='ltr'>suspen-</span> 
     </span>
     <span class='ocr_line' id='line_1_15' title="bbox 233 1463 1557 1514; baseline 0.002 -14"><span class='ocrx_word' id='word_1_106' title='bbox 233 1463 394 1501; x_wconf 88' lang='lat' dir='ltr'>sionem.</span> <span class='ocrx_word' id='word_1_107' title='bbox 471 1463 896 1502; x_wconf 82' lang='lat' dir='ltr'>Excomunicaeionem</span> <span class='ocrx_word' id='word_1_108' title='bbox 943 1464 1099 1502; x_wconf 80' lang='lat' dir='ltr'>autem8</span> <span class='ocrx_word' id='word_1_109' title='bbox 1148 1471 1298 1514; x_wconf 84' lang='lat' dir='ltr'>oportet</span> <span class='ocrx_word' id='word_1_110' title='bbox 1345 1465 1557 1514; x_wconf 84' lang='lat' dir='ltr'>intelligere</span> 
     </span>
     <span class='ocr_line' id='line_1_16' title="bbox 176 1525 1557 1585; baseline 0.003 -16"><span class='ocrx_word' id='word_1_111' title='bbox 176 1544 214 1577; x_wconf 85' lang='lat'>¹5</span> <span class='ocrx_word' id='word_1_112' title='bbox 235 1534 361 1583; x_wconf 89' lang='lat' dir='ltr'>primo</span> <span class='ocrx_word' id='word_1_113' title='bbox 393 1534 498 1583; x_wconf 90' lang='lat' dir='ltr'>quod</span> <span class='ocrx_word' id='word_1_114' title='bbox 524 1535 766 1583; x_wconf 87' lang='lat' dir='ltr'>potissimum</span> <span class='ocrx_word' id='word_1_115' title='bbox 797 1535 906 1572; x_wconf 86' lang='lat' dir='ltr'>affert</span> <span class='ocrx_word' id='word_1_116' title='bbox 936 1535 995 1572; x_wconf 92' lang='lat' dir='ltr'>vel</span> <span class='ocrx_word' id='word_1_117' title='bbox 1027 1525 1232 1573; x_wconf 42' lang='lat' dir='ltr'>auffert&#39;et</span> <span class='ocrx_word' id='word_1_118' title='bbox 1260 1535 1459 1585; x_wconf 87' lang='lat' dir='ltr'>quomodo</span> <span class='ocrx_word' id='word_1_119' title='bbox 1492 1548 1557 1573; x_wconf 85' lang='lat' dir='ltr'>ex-</span> 
     </span>
     <span class='ocr_line' id='line_1_17' title="bbox 232 1604 1556 1655; baseline 0 -13"><span class='ocrx_word' id='word_1_120' title='bbox 232 1605 485 1642; x_wconf 88' lang='lat' dir='ltr'>comunicans</span> <span class='ocrx_word' id='word_1_121' title='bbox 522 1604 609 1642; x_wconf 89' lang='lat' dir='ltr'>facit</span> <span class='ocrx_word' id='word_1_122' title='bbox 648 1605 753 1655; x_wconf 89' lang='lat' dir='ltr'>quod</span> <span class='ocrx_word' id='word_1_123' title='bbox 792 1618 883 1644; x_wconf 88' lang='lat' dir='ltr'>suus</span> <span class='ocrx_word' id='word_1_124' title='bbox 921 1606 1233 1644; x_wconf 86' lang='lat' dir='ltr'>excomunicatus</span> <span class='ocrx_word' id='word_1_125' title='bbox 1272 1607 1319 1642; x_wconf 88' lang='lat' dir='ltr'>sit</span> <span class='ocrx_word' id='word_1_126' title='bbox 1355 1606 1465 1655; x_wconf 89' lang='lat' dir='ltr'>peior</span> <span class='ocrx_word' id='word_1_127' title='bbox 1498 1605 1556 1643; x_wconf 90' lang='lat' dir='ltr'>vel</span> 
     </span>
    </p>

    <p class='ocr_par' dir='ltr' id='par_1_6' title="bbox 231 1674 1558 1725">
     <span class='ocr_line' id='line_1_18' title="bbox 231 1674 1558 1725; baseline 0.002 -14"><span class='ocrx_word' id='word_1_128' title='bbox 231 1674 377 1712; x_wconf 89' lang='lat' dir='ltr'>melior.</span> <span class='ocrx_word' id='word_1_129' title='bbox 434 1674 597 1712; x_wconf 87' lang='lat' dir='ltr'>Videtur</span> <span class='ocrx_word' id='word_1_130' title='bbox 616 1675 730 1725; x_wconf 85' lang='lat' dir='ltr'>igitur</span> <span class='ocrx_word' id='word_1_131' title='bbox 750 1675 855 1725; x_wconf 86' lang='lat' dir='ltr'>quod</span> <span class='ocrx_word' id='word_1_132' title='bbox 875 1676 1001 1714; x_wconf 90' lang='lat' dir='ltr'>omnis</span> <span class='ocrx_word' id='word_1_133' title='bbox 1020 1688 1107 1712; x_wconf 90' lang='lat' dir='ltr'>vera</span> <span class='ocrx_word' id='word_1_134' title='bbox 1133 1676 1448 1713; x_wconf 82' lang='lat' dir='ltr'>excomunicacio</span> <span class='ocrx_word' id='word_1_135' title='bbox 1469 1676 1515 1714; x_wconf 88' lang='lat' dir='ltr'>sit</span> <span class='ocrx_word' id='word_1_136' title='bbox 1535 1688 1558 1713; x_wconf 90' lang='lat' dir='ltr'>a</span> 
     </span>
    </p>

    <p class='ocr_par' dir='ltr' id='par_1_7' title="bbox 233 1743 1553 1795">
     <span class='ocr_line' id='line_1_19' title="bbox 233 1743 1553 1795; baseline 0.002 -14"><span class='ocrx_word' id='word_1_137' title='bbox 233 1743 319 1790; x_wconf 83' lang='lat' dir='ltr'>deo,</span> <span class='ocrx_word' id='word_1_138' title='bbox 340 1757 427 1782; x_wconf 91' lang='lat' dir='ltr'>cum</span> <span class='ocrx_word' id='word_1_139' title='bbox 455 1745 500 1782; x_wconf 91' lang='lat' dir='ltr'>sit</span> <span class='ocrx_word' id='word_1_140' title='bbox 526 1757 628 1794; x_wconf 90' lang='lat' dir='ltr'>pena</span> <span class='ocrx_word' id='word_1_141' title='bbox 658 1745 958 1795; x_wconf 86' lang='lat' dir='ltr'>inseparabiliter</span> <span class='ocrx_word' id='word_1_142' title='bbox 989 1757 1231 1795; x_wconf 85' lang='lat' dir='ltr'>consequens</span> <span class='ocrx_word' id='word_1_143' title='bbox 1262 1746 1311 1783; x_wconf 87' lang='lat' dir='ltr'>ad</span> <span class='ocrx_word' id='word_1_144' title='bbox 1341 1752 1553 1795; x_wconf 88' lang='lat' dir='ltr'>peccatum.</span> 
     </span>
    </p>

    <p class='ocr_par' dir='ltr' id='par_1_8' title="bbox 174 1814 1556 1924">
     <span class='ocr_line' id='line_1_20' title="bbox 236 1814 1556 1854; baseline 0.001 -2"><span class='ocrx_word' id='word_1_145' title='bbox 236 1814 564 1853; x_wconf 83' lang='lat' dir='ltr'>Excomunicacio</span> <span class='ocrx_word' id='word_1_146' title='bbox 609 1822 737 1853; x_wconf 88' lang='lat' dir='ltr'>autem</span> <span class='ocrx_word' id='word_1_147' title='bbox 783 1815 953 1853; x_wconf 88' lang='lat' dir='ltr'>humana</span> <span class='ocrx_word' id='word_1_148' title='bbox 999 1827 1080 1853; x_wconf 91' lang='lat' dir='ltr'>non</span> <span class='ocrx_word' id='word_1_149' title='bbox 1119 1816 1266 1853; x_wconf 88' lang='lat' dir='ltr'>videtur</span> <span class='ocrx_word' id='word_1_150' title='bbox 1311 1816 1382 1853; x_wconf 88' lang='lat' dir='ltr'>nisi</span> <span class='ocrx_word' id='word_1_151' title='bbox 1418 1816 1556 1854; x_wconf 92' lang='lat' dir='ltr'>vicaria</span> 
     </span>
     <span class='ocr_line' id='line_1_21' title="bbox 174 1885 1555 1924; baseline 0.001 -2"><span class='ocrx_word' id='word_1_152' title='bbox 174 1896 214 1918; x_wconf 88' lang='lat'>20</span> <span class='ocrx_word' id='word_1_153' title='bbox 235 1885 513 1924; x_wconf 89' lang='lat' dir='ltr'>denuncciacio</span> <span class='ocrx_word' id='word_1_154' title='bbox 547 1886 924 1924; x_wconf 86' lang='lat' dir='ltr'>excomunicacionis</span> <span class='ocrx_word' id='word_1_155' title='bbox 958 1887 1091 1923; x_wconf 88' lang='lat' dir='ltr'>divine.</span> <span class='ocrx_word' id='word_1_156' title='bbox 1149 1885 1241 1923; x_wconf 91' lang='lat' dir='ltr'>Non</span> <span class='ocrx_word' id='word_1_157' title='bbox 1275 1886 1379 1923; x_wconf 90' lang='lat' dir='ltr'>enim</span> <span class='ocrx_word' id='word_1_158' title='bbox 1412 1886 1555 1924; x_wconf 88' lang='lat' dir='ltr'>habent</span> 
     </span>
    </p>

    <p class='ocr_par' dir='ltr' id='par_1_9' title="bbox 223 1957 1555 2006">
     <span class='ocr_line' id='line_1_22' title="bbox 223 1957 1555 2006; baseline 0.001 -12"><span class='ocrx_word' id='word_1_159' title='bbox 223 1957 284 1994; x_wconf 88' lang='lat' dir='ltr'>isti</span> <span class='ocrx_word' id='word_1_160' title='bbox 303 1957 432 1994; x_wconf 91' lang='lat' dir='ltr'>vicarii</span> <span class='ocrx_word' id='word_1_161' title='bbox 462 1963 690 2006; x_wconf 87' lang='lat' dir='ltr'>potestatem</span> <span class='ocrx_word' id='word_1_162' title='bbox 721 1957 769 1994; x_wconf 88' lang='lat' dir='ltr'>ad</span> <span class='ocrx_word' id='word_1_163' title='bbox 801 1957 1092 2006; x_wconf 85' lang='lat' dir='ltr'>dampnandum</span> <span class='ocrx_word' id='word_1_164' title='bbox 1112 1957 1309 1995; x_wconf 89' lang='lat' dir='ltr'>hominem</span> <span class='ocrx_word' id='word_1_165' title='bbox 1329 1957 1378 1995; x_wconf 84' lang='lat' dir='ltr'>ad</span> <span class='ocrx_word' id='word_1_166' title='bbox 1399 1957 1555 1996; x_wconf 90' lang='lat' dir='ltr'>Gehen-</span> 
     </span>
    </p>

    <p class='ocr_par' dir='ltr' id='par_1_10' title="bbox 233 2027 1558 2216">
     <span class='ocr_line' id='line_1_23' title="bbox 234 2027 1557 2076; baseline 0.003 -13"><span class='ocrx_word' id='word_1_167' title='bbox 234 2039 326 2064; x_wconf 90' lang='lat' dir='ltr'>nam</span> <span class='ocrx_word' id='word_1_168' title='bbox 362 2027 421 2064; x_wconf 94' lang='lat' dir='ltr'>vel</span> <span class='ocrx_word' id='word_1_169' title='bbox 458 2027 687 2068; x_wconf 88' lang='lat' dir='ltr'>tradendum</span> <span class='ocrx_word' id='word_1_170' title='bbox 729 2027 897 2073; x_wconf 86' lang='lat' dir='ltr'>sathane,</span> <span class='ocrx_word' id='word_1_171' title='bbox 933 2034 997 2065; x_wconf 89' lang='lat' dir='ltr'>aut</span> <span class='ocrx_word' id='word_1_172' title='bbox 1035 2027 1191 2076; x_wconf 84' lang='lat' dir='ltr'>aliquod</span> <span class='ocrx_word' id='word_1_173' title='bbox 1236 2029 1382 2065; x_wconf 90' lang='lat' dir='ltr'>bonum</span> <span class='ocrx_word' id='word_1_174' title='bbox 1430 2028 1557 2067; x_wconf 88' lang='lat' dir='ltr'>anime</span> 
     </span>
     <span class='ocr_line' id='line_1_24' title="bbox 233 2083 1558 2136; baseline 0.001 -2"><span class='ocrx_word' id='word_1_175' title='bbox 233 2097 493 2135; x_wconf 86' lang='lat' dir='ltr'>auferendum.</span> <span class='ocrx_word' id='word_1_176' title='bbox 564 2097 604 2135; x_wconf 90' lang='lat' dir='ltr'>Si</span> <span class='ocrx_word' id='word_1_177' title='bbox 642 2083 771 2135; x_wconf 87' lang='lat' dir='ltr'>autem</span> <span class='ocrx_word' id='word_1_178' title='bbox 809 2110 894 2135; x_wconf 91' lang='lat' dir='ltr'>vere</span> <span class='ocrx_word' id='word_1_179' title='bbox 933 2097 1194 2135; x_wconf 78' lang='lat' dir='ltr'>denunciant4</span> <span class='ocrx_word' id='word_1_180' title='bbox 1222 2098 1558 2136; x_wconf 87' lang='lat' dir='ltr'>excomunicatum</span> 
     </span>
     <span class='ocr_line' id='line_1_25' title="bbox 234 2167 1556 2216; baseline 0.002 -12"><span class='ocrx_word' id='word_1_181' title='bbox 234 2174 326 2216; x_wconf 88' lang='lat' dir='ltr'>aput</span> <span class='ocrx_word' id='word_1_182' title='bbox 347 2167 474 2214; x_wconf 91' lang='lat' dir='ltr'>deum,</span> <span class='ocrx_word' id='word_1_183' title='bbox 495 2174 585 2205; x_wconf 88' lang='lat' dir='ltr'>tunc</span> <span class='ocrx_word' id='word_1_184' title='bbox 605 2180 691 2205; x_wconf 89' lang='lat' dir='ltr'>vere</span> <span class='ocrx_word' id='word_1_185' title='bbox 711 2168 1030 2206; x_wconf 82' lang='lat' dir='ltr'>excomunicant5</span> <span class='ocrx_word' id='word_1_186' title='bbox 1048 2167 1167 2205; x_wconf 90' lang='lat' dir='ltr'>modo</span> <span class='ocrx_word' id='word_1_187' title='bbox 1191 2179 1262 2206; x_wconf 89' lang='lat' dir='ltr'>suo</span> <span class='ocrx_word' id='word_1_188' title='bbox 1274 2180 1284 2214; x_wconf 76' lang='lat'><em>3</em></span> <span class='ocrx_word' id='word_1_189' title='bbox 1315 2174 1352 2205; x_wconf 89' lang='lat' dir='ltr'>et</span> <span class='ocrx_word' id='word_1_190' title='bbox 1373 2168 1479 2206; x_wconf 89' lang='lat' dir='ltr'>aliter</span> <span class='ocrx_word' id='word_1_191' title='bbox 1498 2175 1556 2207; x_wconf 88' lang='lat' dir='ltr'>est</span> 
     </span>
    </p>

    <p class='ocr_par' dir='ltr' id='par_1_11' title="bbox 174 2237 1556 2570">
     <span class='ocr_line' id='line_1_26' title="bbox 174 2237 1555 2288; baseline 0 -12"><span class='ocrx_word' id='word_1_192' title='bbox 174 2245 211 2277; x_wconf 86' lang='lat'>²5</span> <span class='ocrx_word' id='word_1_193' title='bbox 231 2238 546 2277; x_wconf 88' lang='lat' dir='ltr'>excomunicacio</span> <span class='ocrx_word' id='word_1_194' title='bbox 567 2237 661 2275; x_wconf 86' lang='lat' dir='ltr'>falsa</span> <span class='ocrx_word' id='word_1_195' title='bbox 681 2244 718 2275; x_wconf 87' lang='lat' dir='ltr'>et</span> <span class='ocrx_word' id='word_1_196' title='bbox 741 2238 865 2276; x_wconf 87' lang='lat' dir='ltr'>solum</span> <span class='ocrx_word' id='word_1_197' title='bbox 895 2244 1083 2288; x_wconf 87' lang='lat' dir='ltr'>pretensa,</span> <span class='ocrx_word' id='word_1_198' title='bbox 1106 2250 1194 2276; x_wconf 91' lang='lat' dir='ltr'>cum</span> <span class='ocrx_word' id='word_1_199' title='bbox 1215 2239 1262 2276; x_wconf 84' lang='lat' dir='ltr'>sit</span> <span class='ocrx_word' id='word_1_200' title='bbox 1281 2239 1555 2277; x_wconf 85' lang='lat' dir='ltr'>scandalosum</span> 
     </span>
     <span class='ocr_line' id='line_1_27' title="bbox 230 2307 1556 2353; baseline 0.002 -9"><span class='ocrx_word' id='word_1_201' title='bbox 230 2307 488 2346; x_wconf 87' lang='lat' dir='ltr'>mendacium.</span> <span class='ocrx_word' id='word_1_202' title='bbox 564 2308 798 2346; x_wconf 87' lang='lat' dir='ltr'>Interdicere</span> <span class='ocrx_word' id='word_1_203' title='bbox 841 2314 969 2353; x_wconf 80' lang='lat' dir='ltr'>autem</span> <span class='ocrx_word' id='word_1_204' title='bbox 1015 2309 1163 2346; x_wconf 89' lang='lat' dir='ltr'>homini</span> <span class='ocrx_word' id='word_1_205' title='bbox 1201 2310 1556 2348; x_wconf 88' lang='lat' dir='ltr'>comunicacionem</span> 
     </span>
     <span class='ocr_line' id='line_1_28' title="bbox 236 2378 1555 2426; baseline 0.003 -12"><span class='ocrx_word' id='word_1_206' title='bbox 236 2378 406 2415; x_wconf 90' lang='lat' dir='ltr'>fidelium</span> <span class='ocrx_word' id='word_1_207' title='bbox 445 2379 758 2416; x_wconf 88' lang='lat' dir='ltr'>conversancium</span> <span class='ocrx_word' id='word_1_208' title='bbox 797 2385 853 2416; x_wconf 86' lang='lat' dir='ltr'>est</span> <span class='ocrx_word' id='word_1_209' title='bbox 891 2379 1059 2417; x_wconf 82' lang='lat' dir='ltr'>officium</span> <span class='ocrx_word' id='word_1_210' title='bbox 1100 2380 1241 2426; x_wconf 89' lang='lat' dir='ltr'>laicale,</span> <span class='ocrx_word' id='word_1_211' title='bbox 1281 2380 1377 2418; x_wconf 88' lang='lat' dir='ltr'>sicut</span> <span class='ocrx_word' id='word_1_212' title='bbox 1415 2387 1451 2418; x_wconf 91' lang='lat' dir='ltr'>et</span> <span class='ocrx_word' id='word_1_213' title='bbox 1489 2393 1555 2418; x_wconf 86' lang='lat' dir='ltr'>ex-</span> 
     </span>
     <span class='ocr_line' id='line_1_29' title="bbox 236 2448 1556 2497; baseline 0.003 -12"><span class='ocrx_word' id='word_1_214' title='bbox 236 2448 500 2486; x_wconf 85' lang='lat' dir='ltr'>comunicacio</span> <span class='ocrx_word' id='word_1_215' title='bbox 534 2460 608 2497; x_wconf 88' lang='lat' dir='ltr'>que</span> <span class='ocrx_word' id='word_1_216' title='bbox 642 2454 698 2486; x_wconf 88' lang='lat' dir='ltr'>est</span> <span class='ocrx_word' id='word_1_217' title='bbox 729 2448 1002 2487; x_wconf 89' lang='lat' dir='ltr'>denuncciacio</span> <span class='ocrx_word' id='word_1_218' title='bbox 1033 2449 1158 2487; x_wconf 90' lang='lat' dir='ltr'>divine</span> <span class='ocrx_word' id='word_1_219' title='bbox 1190 2451 1392 2488; x_wconf 86' lang='lat' dir='ltr'>sentencie.</span> <span class='ocrx_word' id='word_1_220' title='bbox 1448 2450 1556 2489; x_wconf 88' lang='lat' dir='ltr'>Deus</span> 
     </span>
     <span class='ocr_line' id='line_1_30' title="bbox 237 2518 1555 2570; baseline 0.004 -17"><span class='ocrx_word' id='word_1_221' title='bbox 237 2518 341 2554; x_wconf 92' lang='lat' dir='ltr'>enim</span> <span class='ocrx_word' id='word_1_222' title='bbox 361 2530 440 2554; x_wconf 91' lang='lat' dir='ltr'>non</span> <span class='ocrx_word' id='word_1_223' title='bbox 461 2524 588 2567; x_wconf 87' lang='lat' dir='ltr'>potest</span> <span class='ocrx_word' id='word_1_224' title='bbox 608 2519 854 2556; x_wconf 90' lang='lat' dir='ltr'>comunicare</span> <span class='ocrx_word' id='word_1_225' title='bbox 874 2519 1057 2557; x_wconf 83' lang='lat' dir='ltr'>cristiano</span> <span class='ocrx_word' id='word_1_226' title='bbox 1076 2520 1189 2557; x_wconf 88' lang='lat' dir='ltr'>talem</span> <span class='ocrx_word' id='word_1_227' title='bbox 1209 2521 1428 2569; x_wconf 80' lang='lat' dir='ltr'>potenciam</span> <span class='ocrx_word' id='word_1_228' title='bbox 1449 2521 1555 2570; x_wconf 92' lang='lat' dir='ltr'>quod</span> 
     </span>
    </p>

    <p class='ocr_par' dir='ltr' id='par_1_12' title="bbox 173 2586 1554 2729">
     <span class='ocr_line' id='line_1_31' title="bbox 173 2586 1554 2639; baseline 0.004 -16"><span class='ocrx_word' id='word_1_229' title='bbox 173 2596 215 2627; x_wconf 82' lang='lat'>30</span> <span class='ocrx_word' id='word_1_230' title='bbox 233 2598 280 2624; x_wconf 93' lang='lat' dir='ltr'>eo</span> <span class='ocrx_word' id='word_1_231' title='bbox 301 2586 385 2636; x_wconf 89' lang='lat' dir='ltr'>ipso</span> <span class='ocrx_word' id='word_1_232' title='bbox 407 2599 484 2637; x_wconf 89' lang='lat' dir='ltr'>quo</span> <span class='ocrx_word' id='word_1_233' title='bbox 503 2587 646 2636; x_wconf 91' lang='lat' dir='ltr'>profert</span> <span class='ocrx_word' id='word_1_234' title='bbox 666 2588 739 2625; x_wconf 91' lang='lat' dir='ltr'>ritu</span> <span class='ocrx_word' id='word_1_235' title='bbox 764 2600 833 2626; x_wconf 91' lang='lat' dir='ltr'>suo</span> <span class='ocrx_word' id='word_1_236' title='bbox 861 2589 975 2626; x_wconf 89' lang='lat' dir='ltr'>talem</span> <span class='ocrx_word' id='word_1_237' title='bbox 1006 2589 1240 2628; x_wconf 87' lang='lat' dir='ltr'>sentenciam</span> <span class='ocrx_word' id='word_1_238' title='bbox 1269 2601 1316 2627; x_wconf 91' lang='lat' dir='ltr'>eo</span> <span class='ocrx_word' id='word_1_239' title='bbox 1345 2590 1430 2639; x_wconf 90' lang='lat' dir='ltr'>ipso</span> <span class='ocrx_word' id='word_1_240' title='bbox 1459 2590 1554 2629; x_wconf 89' lang='lat' dir='ltr'>deus</span> 
     </span>
     <span class='ocr_line' id='line_1_32' title="bbox 272 2684 1554 2729; baseline 0.005 -15"><span class='ocrx_word' id='word_1_241' title='bbox 272 2684 283 2701; x_wconf 82' lang='lat'>¹</span> <span class='ocrx_word' id='word_1_242' title='bbox 300 2684 572 2724; x_wconf 89' lang='lat' dir='ltr'>inobedienciam‚</span> <span class='ocrx_word' id='word_1_243' title='bbox 589 2695 649 2716; x_wconf 85' lang='lat' dir='ltr'>om.</span> <span class='ocrx_word' id='word_1_244' title='bbox 668 2693 698 2717; x_wconf 88' lang='grc' dir='ltr'>Β.</span> <span class='ocrx_word' id='word_1_245' title='bbox 787 2685 800 2704; x_wconf 79' lang='lat'><em>²</em></span> <span class='ocrx_word' id='word_1_246' title='bbox 816 2685 1069 2724; x_wconf 86' lang='lat' dir='ltr'>ordinacionem,</span> <span class='ocrx_word' id='word_1_247' title='bbox 1088 2694 1118 2717; x_wconf 88' lang='grc' dir='ltr'>Β.</span> <span class='ocrx_word' id='word_1_248' title='bbox 1209 2686 1221 2704; x_wconf 73' lang='lat'>3</span> <span class='ocrx_word' id='word_1_249' title='bbox 1236 2691 1292 2718; x_wconf 83' lang='lat' dir='ltr'>aut</span> <span class='ocrx_word' id='word_1_250' title='bbox 1301 2692 1365 2729; x_wconf 72' lang='lat' dir='ltr'>pro</span> <span class='ocrx_word' id='word_1_251' title='bbox 1381 2693 1502 2728; x_wconf 86' lang='lat' dir='ltr'>autem,</span> <span class='ocrx_word' id='word_1_252' title='bbox 1519 2697 1554 2720; x_wconf 84' lang='grc' dir='ltr'>Α.</span> 
     </span>
    </p>
   </div>
   <div class='ocr_carea' id='block_1_4' title="bbox 227 2735 1556 2825">
    <p class='ocr_par' dir='ltr' id='par_1_13' title="bbox 227 2735 1556 2825">
     <span class='ocr_line' id='line_1_33' title="bbox 228 2735 1556 2781; baseline 0.005 -15"><span class='ocrx_word' id='word_1_253' title='bbox 228 2735 239 2753; x_wconf 68' lang='lat'><strong>⁴</strong></span> <span class='ocrx_word' id='word_1_254' title='bbox 260 2737 392 2767; x_wconf 87' lang='lat' dir='ltr'>nunciat</span> <span class='ocrx_word' id='word_1_255' title='bbox 415 2740 480 2777; x_wconf 75' lang='lat' dir='ltr'>pro</span> <span class='ocrx_word' id='word_1_256' title='bbox 503 2736 710 2776; x_wconf 86' lang='lat' dir='ltr'>denunciant,</span> <span class='ocrx_word' id='word_1_257' title='bbox 727 2745 760 2768; x_wconf 87' lang='lat' dir='ltr'>A.</span> <span class='ocrx_word' id='word_1_258' title='bbox 894 2738 906 2755; x_wconf 85' lang='lat'>⁵</span> <span class='ocrx_word' id='word_1_259' title='bbox 930 2737 1223 2773; x_wconf 85' lang='lat' dir='ltr'>excommunicavit</span> <span class='ocrx_word' id='word_1_260' title='bbox 1245 2743 1311 2781; x_wconf 79' lang='lat' dir='ltr'>pro</span> <span class='ocrx_word' id='word_1_261' title='bbox 1334 2740 1556 2774; x_wconf 84' lang='lat' dir='ltr'>excommuni-</span> 
     </span>
     <span class='ocr_line' id='line_1_34' title="bbox 227 2791 361 2825; baseline 0 -7"><span class='ocrx_word' id='word_1_262' title='bbox 227 2791 311 2825; x_wconf 87' lang='lat' dir='ltr'>cant,</span> <span class='ocrx_word' id='word_1_263' title='bbox 327 2795 361 2818; x_wconf 80' lang='grc' dir='ltr'>Α.</span> 
     </span>
    </p>
   </div>
   <div class='ocr_carea' id='block_1_5' title="bbox 1754 222 1827 263">
    <p class='ocr_par' dir='ltr' id='par_1_14' title="bbox 1754 222 1827 263">
     <span class='ocr_line' id='line_1_35' title="bbox 1754 222 1827 263; baseline -0.041 -12"><span class='ocrx_word' id='word_1_264' title='bbox 1754 222 1827 263; x_wconf 84' lang='lat'>231</span> 
     </span>
    </p>
   </div>
   <div class='ocr_carea' id='block_1_6' title="bbox 1568 626 1836 1019">
    <p class='ocr_par' dir='ltr' id='par_1_15' title="bbox 1568 626 1836 1019">
     <span class='ocr_line' id='line_1_36' title="bbox 1573 626 1803 652; baseline 0 0"><span class='ocrx_word' id='word_1_265' title='bbox 1573 626 1585 652; x_wconf 93' lang='lat'>1</span> <span class='ocrx_word' id='word_1_266' title='bbox 1605 635 1651 652; x_wconf 84' lang='lat' dir='ltr'>am</span> <span class='ocrx_word' id='word_1_267' title='bbox 1668 626 1803 652; x_wconf 86' lang='lat' dir='ltr'>attacked</span> 
     </span>
     <span class='ocr_line' id='line_1_37' title="bbox 1571 660 1737 692; baseline 0 -7"><span class='ocrx_word' id='word_1_268' title='bbox 1571 660 1613 685; x_wconf 91' lang='lat' dir='ltr'>for</span> <span class='ocrx_word' id='word_1_269' title='bbox 1630 660 1737 692; x_wconf 84' lang='lat' dir='ltr'>having</span> 
     </span>
     <span class='ocr_line' id='line_1_38' title="bbox 1569 693 1816 719; baseline 0.004 -1"><span class='ocrx_word' id='word_1_270' title='bbox 1569 693 1741 718; x_wconf 83' lang='lat' dir='ltr'>maintained</span> <span class='ocrx_word' id='word_1_271' title='bbox 1754 693 1816 719; x_wconf 83' lang='lat' dir='ltr'>that</span> 
     </span>
     <span class='ocr_line' id='line_1_39' title="bbox 1571 726 1792 752; baseline -0.005 0"><span class='ocrx_word' id='word_1_272' title='bbox 1571 726 1792 752; x_wconf 83' lang='lat' dir='ltr'>excommunica-</span> 
     </span>
     <span class='ocr_line' id='line_1_40' title="bbox 1571 760 1805 785; baseline 0 0"><span class='ocrx_word' id='word_1_273' title='bbox 1571 760 1629 785; x_wconf 87' lang='lat' dir='ltr'>tion</span> <span class='ocrx_word' id='word_1_274' title='bbox 1643 760 1743 785; x_wconf 84' lang='lat' dir='ltr'>should</span> <span class='ocrx_word' id='word_1_275' title='bbox 1756 764 1805 785; x_wconf 85' lang='lat' dir='ltr'>not</span> 
     </span>
     <span class='ocr_line' id='line_1_41' title="bbox 1570 793 1798 825; baseline 0 -7"><span class='ocrx_word' id='word_1_276' title='bbox 1570 793 1605 818; x_wconf 88' lang='lat' dir='ltr'>be</span> <span class='ocrx_word' id='word_1_277' title='bbox 1618 793 1798 825; x_wconf 83' lang='lat' dir='ltr'>pronounced</span> 
     </span>
     <span class='ocr_line' id='line_1_42' title="bbox 1570 826 1836 859; baseline 0 -8"><span class='ocrx_word' id='word_1_278' title='bbox 1570 835 1606 852; x_wconf 93' lang='lat' dir='ltr'>on</span> <span class='ocrx_word' id='word_1_279' title='bbox 1625 826 1671 851; x_wconf 86' lang='lat' dir='ltr'>the</span> <span class='ocrx_word' id='word_1_280' title='bbox 1682 826 1836 859; x_wconf 85' lang='lat' dir='ltr'>unwilling,</span> 
     </span>
     <span class='ocr_line' id='line_1_43' title="bbox 1571 859 1777 885; baseline -0.005 0"><span class='ocrx_word' id='word_1_281' title='bbox 1571 868 1602 885; x_wconf 91' lang='lat' dir='ltr'>or</span> <span class='ocrx_word' id='word_1_282' title='bbox 1614 860 1656 885; x_wconf 89' lang='lat' dir='ltr'>for</span> <span class='ocrx_word' id='word_1_283' title='bbox 1668 859 1777 885; x_wconf 80' lang='lat' dir='ltr'>disobe-</span> 
     </span>
     <span class='ocr_line' id='line_1_44' title="bbox 1570 892 1827 918; baseline 0 0"><span class='ocrx_word' id='word_1_284' title='bbox 1570 892 1667 918; x_wconf 88' lang='lat' dir='ltr'>dience</span> <span class='ocrx_word' id='word_1_285' title='bbox 1681 898 1710 918; x_wconf 89' lang='lat' dir='ltr'>to</span> <span class='ocrx_word' id='word_1_286' title='bbox 1723 893 1827 918; x_wconf 85' lang='lat' dir='ltr'>human</span> 
     </span>
     <span class='ocr_line' id='line_1_45' title="bbox 1569 926 1815 957; baseline 0.004 -6"><span class='ocrx_word' id='word_1_287' title='bbox 1569 926 1744 957; x_wconf 85' lang='lat' dir='ltr'>ordinances,</span> <span class='ocrx_word' id='word_1_288' title='bbox 1758 926 1815 952; x_wconf 82' lang='lat' dir='ltr'>and</span> 
     </span>
     <span class='ocr_line' id='line_1_46' title="bbox 1569 959 1805 986; baseline 0.008 -2"><span class='ocrx_word' id='word_1_289' title='bbox 1569 959 1632 985; x_wconf 92' lang='lat' dir='ltr'>how</span> <span class='ocrx_word' id='word_1_290' title='bbox 1644 959 1666 985; x_wconf 90' lang='lat' dir='ltr'>it</span> <span class='ocrx_word' id='word_1_291' title='bbox 1678 959 1701 985; x_wconf 81' lang='lat' dir='ltr'>is</span> <span class='ocrx_word' id='word_1_292' title='bbox 1714 965 1763 985; x_wconf 89' lang='lat' dir='ltr'>not</span> <span class='ocrx_word' id='word_1_293' title='bbox 1776 965 1805 986; x_wconf 89' lang='lat' dir='ltr'>to</span> 
     </span>
     <span class='ocr_line' id='line_1_47' title="bbox 1568 993 1723 1019; baseline 0.006 -1"><span class='ocrx_word' id='word_1_294' title='bbox 1568 993 1602 1019; x_wconf 90' lang='lat' dir='ltr'>be</span> <span class='ocrx_word' id='word_1_295' title='bbox 1621 993 1723 1019; x_wconf 81' lang='lat' dir='ltr'>fea-red.</span> 
     </span>
    </p>
   </div>
   <div class='ocr_carea' id='block_1_7' title="bbox 1566 1754 1830 2022">
    <p class='ocr_par' dir='ltr' id='par_1_16' title="bbox 1566 1754 1830 2022">
     <span class='ocr_line' id='line_1_48' title="bbox 1566 1754 1806 1781; baseline 0.004 -1"><span class='ocrx_word' id='word_1_296' title='bbox 1566 1754 1612 1780; x_wconf 90' lang='lat' dir='ltr'>All</span> <span class='ocrx_word' id='word_1_297' title='bbox 1625 1758 1686 1780; x_wconf 84' lang='lat' dir='ltr'>true</span> <span class='ocrx_word' id='word_1_298' title='bbox 1696 1763 1806 1781; x_wconf 84' lang='lat' dir='ltr'>excom-</span> 
     </span>
     <span class='ocr_line' id='line_1_49' title="bbox 1567 1787 1777 1814; baseline 0.005 -1"><span class='ocrx_word' id='word_1_299' title='bbox 1567 1787 1741 1814; x_wconf 80' lang='lat' dir='ltr'>munication</span> <span class='ocrx_word' id='word_1_300' title='bbox 1754 1788 1777 1814; x_wconf 84' lang='lat' dir='ltr'>is</span> 
     </span>
     <span class='ocr_line' id='line_1_50' title="bbox 1566 1820 1830 1853; baseline 0.008 -7"><span class='ocrx_word' id='word_1_301' title='bbox 1566 1820 1639 1847; x_wconf 84' lang='lat' dir='ltr'>from</span> <span class='ocrx_word' id='word_1_302' title='bbox 1653 1822 1732 1853; x_wconf 88' lang='lat' dir='ltr'>G0d;</span> <span class='ocrx_word' id='word_1_303' title='bbox 1749 1821 1830 1848; x_wconf 87' lang='lat' dir='ltr'>with-</span> 
     </span>
     <span class='ocr_line' id='line_1_51' title="bbox 1568 1854 1725 1881; baseline 0 -1"><span class='ocrx_word' id='word_1_304' title='bbox 1568 1860 1617 1880; x_wconf 91' lang='lat' dir='ltr'>out</span> <span class='ocrx_word' id='word_1_305' title='bbox 1631 1854 1725 1881; x_wconf 86' lang='lat' dir='ltr'>divine</span> 
     </span>
     <span class='ocr_line' id='line_1_52' title="bbox 1568 1888 1714 1920; baseline 0.007 -7"><span class='ocrx_word' id='word_1_306' title='bbox 1568 1888 1714 1920; x_wconf 85' lang='lat' dir='ltr'>authority</span> 
     </span>
     <span class='ocr_line' id='line_1_53' title="bbox 1567 1921 1798 1948; baseline 0.004 -1"><span class='ocrx_word' id='word_1_307' title='bbox 1567 1921 1672 1947; x_wconf 85' lang='lat' dir='ltr'>human</span> <span class='ocrx_word' id='word_1_308' title='bbox 1690 1930 1798 1948; x_wconf 87' lang='lat' dir='ltr'>excom-</span> 
     </span>
     <span class='ocr_line' id='line_1_54' title="bbox 1570 1954 1778 1982; baseline 0.01 -2"><span class='ocrx_word' id='word_1_309' title='bbox 1570 1954 1742 1982; x_wconf 82' lang='lat' dir='ltr'>munication</span> <span class='ocrx_word' id='word_1_310' title='bbox 1755 1955 1778 1982; x_wconf 84' lang='lat' dir='ltr'>is</span> 
     </span>
     <span class='ocr_line' id='line_1_55' title="bbox 1571 1988 1697 2022; baseline 0.008 -8"><span class='ocrx_word' id='word_1_311' title='bbox 1571 1988 1697 2022; x_wconf 88' lang='lat' dir='ltr'>nothing.</span> 
     </span>
    </p>
   </div>
  </div>
 </body>
</html>
