<?xml version="1.0" encoding="UTF-8"?>
<!DOCTYPE html PUBLIC "-//W3C//DTD XHTML 1.0 Transitional//EN"
    "http://www.w3.org/TR/xhtml1/DTD/xhtml1-transitional.dtd">
<html xmlns="http://www.w3.org/1999/xhtml" xml:lang="en" lang="en">
 <head>
  <title>
</title>
<meta http-equiv="Content-Type" content="text/html;charset=utf-8" />
  <meta name='ocr-system' content='tesseract 3.04.00' />
  <meta name='ocr-capabilities' content='ocr_page ocr_carea ocr_par ocr_line ocrx_word'/>
</head>
<body>
  <div class='ocr_page' id='page_1' title='image "./tractatusdeoffic00wycl_0316.png"; bbox 0 0 2051 3299; ppageno 0'>
   <div class='ocr_carea' id='block_1_1' title="bbox 156 200 238 242">
    <p class='ocr_par' dir='ltr' id='par_1_1' title="bbox 156 200 238 242">
     <span class='ocr_line' id='line_1_1' title="bbox 156 200 238 242; baseline -0.037 0"><span class='ocrx_word' id='word_1_1' title='bbox 156 200 238 242; x_wconf 76' lang='lat'>280</span> 
     </span>
    </p>
   </div>
   <div class='ocr_carea' id='block_1_2' title="bbox 152 326 419 554">
    <p class='ocr_par' dir='ltr' id='par_1_2' title="bbox 152 326 419 554">
     <span class='ocr_line' id='line_1_2' title="bbox 153 326 391 354; baseline 0.004 -2"><span class='ocrx_word' id='word_1_2' title='bbox 153 327 208 353; x_wconf 82' lang='lat' dir='ltr'>Yet</span> <span class='ocrx_word' id='word_1_3' title='bbox 222 326 246 353; x_wconf 84' lang='lat' dir='ltr'>if</span> <span class='ocrx_word' id='word_1_4' title='bbox 254 327 353 353; x_wconf 87' lang='lat' dir='ltr'>cursed</span> <span class='ocrx_word' id='word_1_5' title='bbox 367 327 391 354; x_wconf 87' lang='lat' dir='ltr'>is</span> 
     </span>
     <span class='ocr_line' id='line_1_3' title="bbox 152 360 407 388; baseline 0.008 -2"><span class='ocrx_word' id='word_1_6' title='bbox 152 360 188 386; x_wconf 90' lang='lat' dir='ltr'>he</span> <span class='ocrx_word' id='word_1_7' title='bbox 203 361 264 387; x_wconf 85' lang='lat' dir='ltr'>who</span> <span class='ocrx_word' id='word_1_8' title='bbox 278 362 346 387; x_wconf 82' lang='lat' dir='ltr'>does</span> <span class='ocrx_word' id='word_1_9' title='bbox 359 362 407 388; x_wconf 88' lang='lat' dir='ltr'>the</span> 
     </span>
     <span class='ocr_line' id='line_1_4' title="bbox 155 394 343 420; baseline 0.005 -1"><span class='ocrx_word' id='word_1_10' title='bbox 155 394 252 420; x_wconf 84' lang='lat' dir='ltr'>Lord&#39;s</span> <span class='ocrx_word' id='word_1_11' title='bbox 265 395 343 420; x_wconf 88' lang='lat' dir='ltr'>work</span> 
     </span>
     <span class='ocr_line' id='line_1_5' title="bbox 153 427 355 460; baseline 0.005 -8"><span class='ocrx_word' id='word_1_12' title='bbox 153 427 355 460; x_wconf 82' lang='lat' dir='ltr'>fraudulently,</span> 
     </span>
     <span class='ocr_line' id='line_1_6' title="bbox 154 461 419 487; baseline 0.004 -2"><span class='ocrx_word' id='word_1_13' title='bbox 154 469 230 486; x_wconf 85' lang='lat' dir='ltr'>more</span> <span class='ocrx_word' id='word_1_14' title='bbox 240 462 337 487; x_wconf 85' lang='lat' dir='ltr'>cursed</span> <span class='ocrx_word' id='word_1_15' title='bbox 349 461 371 486; x_wconf 89' lang='lat' dir='ltr'>is</span> <span class='ocrx_word' id='word_1_16' title='bbox 384 461 419 487; x_wconf 88' lang='lat' dir='ltr'>he</span> 
     </span>
     <span class='ocr_line' id='line_1_7' title="bbox 154 494 392 521; baseline 0.013 -3"><span class='ocrx_word' id='word_1_17' title='bbox 154 494 217 519; x_wconf 90' lang='lat' dir='ltr'>who</span> <span class='ocrx_word' id='word_1_18' title='bbox 231 495 298 521; x_wconf 85' lang='lat' dir='ltr'>does</span> <span class='ocrx_word' id='word_1_19' title='bbox 313 494 333 521; x_wconf 87' lang='lat' dir='ltr'>it</span> <span class='ocrx_word' id='word_1_20' title='bbox 344 501 392 521; x_wconf 90' lang='lat' dir='ltr'>not</span> 
     </span>
     <span class='ocr_line' id='line_1_8' title="bbox 153 528 241 554; baseline 0.011 -2"><span class='ocrx_word' id='word_1_21' title='bbox 153 533 182 553; x_wconf 84' lang='lat' dir='ltr'>at</span> <span class='ocrx_word' id='word_1_22' title='bbox 196 528 241 554; x_wconf 83' lang='lat' dir='ltr'>all.</span> 
     </span>
    </p>
   </div>
   <div class='ocr_carea' id='block_1_3' title="bbox 155 1810 313 1841">
    <p class='ocr_par' dir='ltr' id='par_1_3' title="bbox 155 1810 313 1841">
     <span class='ocr_line' id='line_1_9' title="bbox 155 1810 313 1841; baseline -0.019 -4"><span class='ocrx_word' id='word_1_23' title='bbox 155 1810 313 1841; x_wconf 73' lang='lat' dir='ltr'>Summary.</span> 
     </span>
    </p>
   </div>
   <div class='ocr_carea' id='block_1_4' title="bbox 154 1876 407 2081">
    <p class='ocr_par' dir='ltr' id='par_1_4' title="bbox 154 1876 407 2081">
     <span class='ocr_line' id='line_1_10' title="bbox 155 1876 406 1908; baseline -0.008 -5"><span class='ocrx_word' id='word_1_24' title='bbox 155 1878 217 1903; x_wconf 90' lang='lat' dir='ltr'>The</span> <span class='ocrx_word' id='word_1_25' title='bbox 231 1877 335 1908; x_wconf 78' lang='lat' dir='ltr'>clergy,</span> <span class='ocrx_word' id='word_1_26' title='bbox 350 1876 406 1901; x_wconf 80' lang='lat' dir='ltr'>and</span> 
     </span>
     <span class='ocr_line' id='line_1_11' title="bbox 155 1909 369 1943; baseline -0.009 -7"><span class='ocrx_word' id='word_1_27' title='bbox 155 1910 308 1943; x_wconf 75' lang='lat' dir='ltr'>especially</span> <span class='ocrx_word' id='word_1_28' title='bbox 322 1909 369 1934; x_wconf 79' lang='lat' dir='ltr'>the</span> 
     </span>
     <span class='ocr_line' id='line_1_12' title="bbox 156 1943 407 1976; baseline -0.008 -6"><span class='ocrx_word' id='word_1_29' title='bbox 156 1945 242 1976; x_wconf 86' lang='lat' dir='ltr'>Pope,</span> <span class='ocrx_word' id='word_1_30' title='bbox 257 1943 358 1969; x_wconf 80' lang='lat' dir='ltr'>should</span> <span class='ocrx_word' id='word_1_31' title='bbox 374 1943 407 1968; x_wconf 90' lang='lat' dir='ltr'>be</span> 
     </span>
     <span class='ocr_line' id='line_1_13' title="bbox 154 1978 384 2004; baseline -0.009 0"><span class='ocrx_word' id='word_1_32' title='bbox 154 1978 292 2004; x_wconf 86' lang='lat' dir='ltr'>humbler.</span> <span class='ocrx_word' id='word_1_33' title='bbox 308 1986 384 2002; x_wconf 90' lang='lat' dir='ltr'>more</span> 
     </span>
     <span class='ocr_line' id='line_1_14' title="bbox 156 2012 389 2043; baseline -0.013 -5"><span class='ocrx_word' id='word_1_34' title='bbox 156 2012 244 2043; x_wconf 86' lang='lat' dir='ltr'>ready</span> <span class='ocrx_word' id='word_1_35' title='bbox 257 2016 287 2037; x_wconf 90' lang='lat' dir='ltr'>to</span> <span class='ocrx_word' id='word_1_36' title='bbox 302 2019 389 2042; x_wconf 87' lang='lat' dir='ltr'>serve,</span> 
     </span>
     <span class='ocr_line' id='line_1_15' title="bbox 155 2053 263 2081; baseline -0.009 -10"><span class='ocrx_word' id='word_1_37' title='bbox 155 2053 263 2081; x_wconf 86' lang='lat' dir='ltr'>poorer.</span> 
     </span>
    </p>
   </div>
   <div class='ocr_carea' id='block_1_5' title="bbox 156 2156 395 2317">
    <p class='ocr_par' dir='ltr' id='par_1_5' title="bbox 156 2156 395 2317">
     <span class='ocr_line' id='line_1_16' title="bbox 156 2156 374 2188; baseline -0.009 -5"><span class='ocrx_word' id='word_1_38' title='bbox 156 2167 179 2183; x_wconf 89' lang='lat'>2.</span> <span class='ocrx_word' id='word_1_39' title='bbox 195 2157 257 2182; x_wconf 84' lang='lat' dir='ltr'>The</span> <span class='ocrx_word' id='word_1_40' title='bbox 271 2156 374 2188; x_wconf 81' lang='lat' dir='ltr'>Clergy</span> 
     </span>
     <span class='ocr_line' id='line_1_17' title="bbox 156 2190 395 2216; baseline -0.004 0"><span class='ocrx_word' id='word_1_41' title='bbox 156 2191 258 2216; x_wconf 80' lang='lat' dir='ltr'>should</span> <span class='ocrx_word' id='word_1_42' title='bbox 272 2190 305 2215; x_wconf 86' lang='lat' dir='ltr'>be</span> <span class='ocrx_word' id='word_1_43' title='bbox 320 2199 395 2215; x_wconf 89' lang='lat' dir='ltr'>more</span> 
     </span>
     <span class='ocr_line' id='line_1_18' title="bbox 157 2224 372 2249; baseline -0.005 0"><span class='ocrx_word' id='word_1_44' title='bbox 157 2224 288 2249; x_wconf 84' lang='lat' dir='ltr'>removed</span> <span class='ocrx_word' id='word_1_45' title='bbox 301 2224 372 2248; x_wconf 84' lang='lat' dir='ltr'>from</span> 
     </span>
     <span class='ocr_line' id='line_1_19' title="bbox 156 2256 362 2283; baseline 0 -1"><span class='ocrx_word' id='word_1_46' title='bbox 156 2257 252 2283; x_wconf 85' lang='lat' dir='ltr'>affairs</span> <span class='ocrx_word' id='word_1_47' title='bbox 265 2258 298 2283; x_wconf 89' lang='lat' dir='ltr'>of</span> <span class='ocrx_word' id='word_1_48' title='bbox 306 2256 362 2283; x_wconf 87' lang='lat' dir='ltr'>this</span> 
     </span>
     <span class='ocr_line' id='line_1_20' title="bbox 157 2291 252 2317; baseline 0 0"><span class='ocrx_word' id='word_1_49' title='bbox 157 2291 252 2317; x_wconf 82' lang='lat' dir='ltr'>world.</span> 
     </span>
    </p>
   </div>
   <div class='ocr_carea' id='block_1_6' title="bbox 836 213 1320 249">
    <p class='ocr_par' dir='ltr' id='par_1_6' title="bbox 836 213 1320 249">
     <span class='ocr_line' id='line_1_21' title="bbox 836 213 1320 249; baseline 0.004 -4"><span class='ocrx_word' id='word_1_50' title='bbox 836 213 903 245; x_wconf 86' lang='lat' dir='ltr'>DE</span> <span class='ocrx_word' id='word_1_51' title='bbox 936 214 1129 247; x_wconf 86' lang='lat' dir='ltr'>OFFICIO</span> <span class='ocrx_word' id='word_1_52' title='bbox 1163 216 1320 249; x_wconf 86' lang='lat' dir='ltr'><strong>REGIS.</strong></span> 
     </span>
    </p>
   </div>
   <div class='ocr_carea' id='block_1_7' title="bbox 432 314 1989 2627">
    <p class='ocr_par' dir='ltr' id='par_1_7' title="bbox 432 314 1955 1144">
     <span class='ocr_line' id='line_1_22' title="bbox 433 314 1761 364; baseline 0.007 -13"><span class='ocrx_word' id='word_1_53' title='bbox 433 314 542 353; x_wconf 80' lang='lat' dir='ltr'>valde</span> <span class='ocrx_word' id='word_1_54' title='bbox 562 316 674 354; x_wconf 87' lang='lat' dir='ltr'>alieni</span> <span class='ocrx_word' id='word_1_55' title='bbox 694 317 743 354; x_wconf 90' lang='lat' dir='ltr'>ab</span> <span class='ocrx_word' id='word_1_56' title='bbox 760 317 886 356; x_wconf 90' lang='lat' dir='ltr'>officio</span> <span class='ocrx_word' id='word_1_57' title='bbox 907 319 1127 364; x_wconf 86' lang='lat' dir='ltr'>sacerdotis,</span> <span class='ocrx_word' id='word_1_58' title='bbox 1148 326 1184 357; x_wconf 89' lang='lat' dir='ltr'>et</span> <span class='ocrx_word' id='word_1_59' title='bbox 1205 321 1258 358; x_wconf 90' lang='lat' dir='ltr'>sic</span> <span class='ocrx_word' id='word_1_60' title='bbox 1278 320 1318 358; x_wconf 91' lang='lat' dir='ltr'>in</span> <span class='ocrx_word' id='word_1_61' title='bbox 1338 332 1408 359; x_wconf 85' lang='lat' dir='ltr'>suo</span> <span class='ocrx_word' id='word_1_62' title='bbox 1429 320 1556 359; x_wconf 90' lang='lat' dir='ltr'>officio</span> <span class='ocrx_word' id='word_1_63' title='bbox 1578 328 1614 359; x_wconf 89' lang='lat' dir='ltr'>et</span> <span class='ocrx_word' id='word_1_64' title='bbox 1634 321 1673 358; x_wconf 92' lang='lat' dir='ltr'>in</span> <span class='ocrx_word' id='word_1_65' title='bbox 1689 320 1761 360; x_wconf 80' lang='lat' dir='ltr'>suo</span> 
     </span>
     <span class='ocr_line' id='line_1_23' title="bbox 432 386 1762 441; baseline 0.005 -18"><span class='ocrx_word' id='word_1_66' title='bbox 432 386 655 433; x_wconf 84' lang='lat' dir='ltr'>ministerio,</span> <span class='ocrx_word' id='word_1_67' title='bbox 669 395 855 438; x_wconf 83' lang='lat' dir='ltr'>tanquam</span> <span class='ocrx_word' id='word_1_68' title='bbox 866 390 1148 427; x_wconf 80' lang='lat' dir='ltr'>excomunicati</span> <span class='ocrx_word' id='word_1_69' title='bbox 1161 402 1183 427; x_wconf 91' lang='lat' dir='ltr'>a</span> <span class='ocrx_word' id='word_1_70' title='bbox 1199 390 1370 438; x_wconf 88' lang='lat' dir='ltr'>domino,</span> <span class='ocrx_word' id='word_1_71' title='bbox 1386 398 1528 429; x_wconf 87' lang='lat' dir='ltr'><strong>nocent</strong></span> <span class='ocrx_word' id='word_1_72' title='bbox 1541 392 1612 429; x_wconf 90' lang='lat' dir='ltr'>sibi</span> <span class='ocrx_word' id='word_1_73' title='bbox 1624 392 1713 441; x_wconf 90' lang='lat' dir='ltr'>ipsis</span> <span class='ocrx_word' id='word_1_74' title='bbox 1725 398 1762 429; x_wconf 89' lang='lat' dir='ltr'>et</span> 
     </span>
     <span class='ocr_line' id='line_1_24' title="bbox 432 457 1955 511; baseline 0.003 -18"><span class='ocrx_word' id='word_1_75' title='bbox 432 457 589 506; x_wconf 90' lang='lat' dir='ltr'>populo,</span> <span class='ocrx_word' id='word_1_76' title='bbox 606 459 695 506; x_wconf 87' lang='lat' dir='ltr'>quia</span> <span class='ocrx_word' id='word_1_77' title='bbox 710 458 871 497; x_wconf 89' lang='lat' dir='ltr'>Ieremie</span> <span class='ocrx_word' id='word_1_78' title='bbox 891 459 1013 496; x_wconf 82' lang='lat' dir='ltr'>xlviiio</span> <span class='ocrx_word' id='word_1_79' title='bbox 1025 460 1255 498; x_wconf 57' lang='lat' dir='ltr'>Maledzktus</span> <span class='ocrx_word' id='word_1_80' title='bbox 1269 462 1445 511; x_wconf 77' lang='lat' dir='ltr'>quz&#39;fizcil</span> <span class='ocrx_word' id='word_1_81' title='bbox 1457 468 1544 511; x_wconf 77' lang='lat' dir='ltr'>opus</span> <span class='ocrx_word' id='word_1_82' title='bbox 1558 461 1761 511; x_wconf 83' lang='lat' dir='ltr'>Dez&#39;frau—</span> <span class='ocrx_word' id='word_1_83' title='bbox 1774 465 1839 506; x_wconf 86' lang='lat' dir='ltr'>Jer.</span> <span class='ocrx_word' id='word_1_84' title='bbox 1852 464 1955 497; x_wconf 82' lang='lat' dir='ltr'>xlviii.</span> 
     </span>
     <span class='ocr_line' id='line_1_25' title="bbox 434 518 1827 581; baseline 0.004 -17"><span class='ocrx_word' id='word_1_85' title='bbox 434 528 607 573; x_wconf 79' lang='lat' dir='ltr'>dulenler,</span> <span class='ocrx_word' id='word_1_86' title='bbox 630 528 697 566; x_wconf 90' lang='lat' dir='ltr'>sed</span> <span class='ocrx_word' id='word_1_87' title='bbox 717 529 841 578; x_wconf 85' lang='lat' dir='ltr'>magis</span> <span class='ocrx_word' id='word_1_88' title='bbox 860 529 1086 568; x_wconf 89' lang='lat' dir='ltr'>maledictus</span> <span class='ocrx_word' id='word_1_89' title='bbox 1109 537 1166 568; x_wconf 91' lang='lat' dir='ltr'>est</span> <span class='ocrx_word' id='word_1_90' title='bbox 1189 531 1250 568; x_wconf 89' lang='lat' dir='ltr'>ille</span> <span class='ocrx_word' id='word_1_91' title='bbox 1277 543 1300 568; x_wconf 89' lang='lat' dir='ltr'>a</span> <span class='ocrx_word' id='word_1_92' title='bbox 1327 532 1487 570; x_wconf 90' lang='lat' dir='ltr'>domino</span> <span class='ocrx_word' id='word_1_93' title='bbox 1516 533 1581 581; x_wconf 90' lang='lat' dir='ltr'>qui</span> <span class='ocrx_word' id='word_1_94' title='bbox 1601 532 1762 570; x_wconf 91' lang='lat' dir='ltr'>omnino</span> <span class='ocrx_word' id='word_1_95' title='bbox 1779 518 1827 541; x_wconf 61' lang='grc' dir='ltr'>ω’</span> 
     </span>
     <span class='ocr_line' id='line_1_26' title="bbox 433 598 1794 651; baseline 0.004 -17"><span class='ocrx_word' id='word_1_96' title='bbox 433 609 532 646; x_wconf 90' lang='lat' dir='ltr'>opus</span> <span class='ocrx_word' id='word_1_97' title='bbox 555 598 701 635; x_wconf 89' lang='lat' dir='ltr'>domini</span> <span class='ocrx_word' id='word_1_98' title='bbox 721 600 974 648; x_wconf 85' lang='lat' dir='ltr'>pretermittit.</span> <span class='ocrx_word' id='word_1_99' title='bbox 1031 599 1330 638; x_wconf 85' lang='lat' dir='ltr'>Consideremus</span> <span class='ocrx_word' id='word_1_100' title='bbox 1352 601 1477 650; x_wconf 89' lang='lat' dir='ltr'>itaque</span> <span class='ocrx_word' id='word_1_101' title='bbox 1499 602 1603 651; x_wconf 89' lang='lat' dir='ltr'>quod</span> <span class='ocrx_word' id='word_1_102' title='bbox 1617 601 1761 639; x_wconf 86' lang='lat' dir='ltr'>Cristus</span> <span class='ocrx_word' id='word_1_103' title='bbox 1775 618 1794 650; x_wconf 87' lang='lat'><strong>5</strong></span> 
     </span>
     <span class='ocr_line' id='line_1_27' title="bbox 434 668 1764 719; baseline 0.004 -15"><span class='ocrx_word' id='word_1_104' title='bbox 434 668 501 705; x_wconf 90' lang='lat' dir='ltr'>suit</span> <span class='ocrx_word' id='word_1_105' title='bbox 516 669 555 705; x_wconf 90' lang='lat' dir='ltr'>in</span> <span class='ocrx_word' id='word_1_106' title='bbox 569 675 649 705; x_wconf 86' lang='lat' dir='ltr'>tota</span> <span class='ocrx_word' id='word_1_107' title='bbox 662 669 737 706; x_wconf 86' lang='lat' dir='ltr'>vita</span> <span class='ocrx_word' id='word_1_108' title='bbox 757 669 826 706; x_wconf 86' lang='lat' dir='ltr'>ista</span> <span class='ocrx_word' id='word_1_109' title='bbox 838 669 956 707; x_wconf 90' lang='lat' dir='ltr'>homo</span> <span class='ocrx_word' id='word_1_110' title='bbox 971 671 1231 719; x_wconf 86' lang='lat' dir='ltr'>pauperimus‚</span> <span class='ocrx_word' id='word_1_111' title='bbox 1248 671 1287 708; x_wconf 91' lang='lat' dir='ltr'>in</span> <span class='ocrx_word' id='word_1_112' title='bbox 1302 677 1383 708; x_wconf 91' lang='lat' dir='ltr'>tota</span> <span class='ocrx_word' id='word_1_113' title='bbox 1396 672 1682 710; x_wconf 88' lang='lat' dir='ltr'>ministracione</span> <span class='ocrx_word' id='word_1_114' title='bbox 1696 684 1764 710; x_wconf 86' lang='lat' dir='ltr'>sua</span> 
     </span>
     <span class='ocr_line' id='line_1_28' title="bbox 432 739 1764 790; baseline 0.003 -15"><span class='ocrx_word' id='word_1_115' title='bbox 432 739 656 776; x_wconf 88' lang='lat' dir='ltr'>humilimus</span> <span class='ocrx_word' id='word_1_116' title='bbox 676 746 712 777; x_wconf 90' lang='lat' dir='ltr'>et</span> <span class='ocrx_word' id='word_1_117' title='bbox 732 740 772 776; x_wconf 92' lang='lat' dir='ltr'>in</span> <span class='ocrx_word' id='word_1_118' title='bbox 786 746 865 777; x_wconf 89' lang='lat' dir='ltr'>tota</span> <span class='ocrx_word' id='word_1_119' title='bbox 880 739 1033 778; x_wconf 90' lang='lat' dir='ltr'>iniuria¹</span> <span class='ocrx_word' id='word_1_120' title='bbox 1048 753 1117 778; x_wconf 88' lang='lat' dir='ltr'>sua</span> <span class='ocrx_word' id='word_1_121' title='bbox 1132 742 1438 790; x_wconf 87' lang='lat' dir='ltr'>pacientissimus</span> <span class='ocrx_word' id='word_1_122' title='bbox 1451 754 1461 788; x_wconf 84' lang='lat'>;</span> <span class='ocrx_word' id='word_1_123' title='bbox 1492 743 1624 779; x_wconf 89' lang='lat' dir='ltr'>omnia</span> <span class='ocrx_word' id='word_1_124' title='bbox 1637 749 1764 780; x_wconf 88' lang='lat' dir='ltr'>autem</span> 
     </span>
     <span class='ocr_line' id='line_1_29' title="bbox 432 810 1764 862; baseline 0.002 -15"><span class='ocrx_word' id='word_1_125' title='bbox 432 810 505 847; x_wconf 88' lang='lat' dir='ltr'>ista</span> <span class='ocrx_word' id='word_1_126' title='bbox 525 810 664 847; x_wconf 86' lang='lat' dir='ltr'>subivit</span> <span class='ocrx_word' id='word_1_127' title='bbox 684 810 855 848; x_wconf 89' lang='lat' dir='ltr'>liberime</span> <span class='ocrx_word' id='word_1_128' title='bbox 875 817 915 848; x_wconf 91' lang='lat' dir='ltr'>ut</span> <span class='ocrx_word' id='word_1_129' title='bbox 935 823 1004 860; x_wconf 93' lang='lat' dir='ltr'>per</span> <span class='ocrx_word' id='word_1_130' title='bbox 1024 811 1169 849; x_wconf 92' lang='lat' dir='ltr'>clerum</span> <span class='ocrx_word' id='word_1_131' title='bbox 1191 823 1302 849; x_wconf 90' lang='lat' dir='ltr'>suum</span> <span class='ocrx_word' id='word_1_132' title='bbox 1321 818 1509 862; x_wconf 82' lang='lat' dir='ltr'>tanquam</span> <span class='ocrx_word' id='word_1_133' title='bbox 1528 813 1764 862; x_wconf 79' lang='lat' dir='ltr'>peculiarem</span> 
     </span>
     <span class='ocr_line' id='line_1_30' title="bbox 432 880 1764 933; baseline 0.003 -16"><span class='ocrx_word' id='word_1_134' title='bbox 432 887 547 930; x_wconf 89' lang='lat' dir='ltr'>atque</span> <span class='ocrx_word' id='word_1_135' title='bbox 568 880 824 918; x_wconf 90' lang='lat' dir='ltr'>domesticum</span> <span class='ocrx_word' id='word_1_136' title='bbox 844 881 1043 919; x_wconf 89' lang='lat' dir='ltr'>reduceret</span> <span class='ocrx_word' id='word_1_137' title='bbox 1064 882 1113 919; x_wconf 89' lang='lat' dir='ltr'>ad</span> <span class='ocrx_word' id='word_1_138' title='bbox 1139 883 1337 931; x_wconf 86' lang='lat' dir='ltr'>quandam</span> <span class='ocrx_word' id='word_1_139' title='bbox 1357 883 1619 921; x_wconf 89' lang='lat' dir='ltr'>imitacionem</span> <span class='ocrx_word' id='word_1_140' title='bbox 1639 896 1764 933; x_wconf 91' lang='lat' dir='ltr'>popu-</span> 
     </span>
     <span class='ocr_line' id='line_1_31' title="bbox 435 950 1820 1003; baseline 0.001 -15"><span class='ocrx_word' id='word_1_141' title='bbox 435 952 515 988; x_wconf 92' lang='lat' dir='ltr'>lum</span> <span class='ocrx_word' id='word_1_142' title='bbox 532 951 754 989; x_wconf 90' lang='lat' dir='ltr'>secularem.</span> <span class='ocrx_word' id='word_1_143' title='bbox 786 950 861 989; x_wconf 88' lang='lat' dir='ltr'>Sed</span> <span class='ocrx_word' id='word_1_144' title='bbox 878 952 961 1001; x_wconf 90' lang='lat' dir='ltr'>quis</span> <span class='ocrx_word' id='word_1_145' title='bbox 978 952 1085 1001; x_wconf 81' lang='lat' dir='ltr'>plus2</span> <span class='ocrx_word' id='word_1_146' title='bbox 1102 953 1176 990; x_wconf 86' lang='lat' dir='ltr'>sitit</span> <span class='ocrx_word' id='word_1_147' title='bbox 1191 954 1414 1002; x_wconf 89' lang='lat' dir='ltr'>temporalia</span> <span class='ocrx_word' id='word_1_148' title='bbox 1431 966 1548 1003; x_wconf 90' lang='lat' dir='ltr'>quam</span> <span class='ocrx_word' id='word_1_149' title='bbox 1564 954 1763 992; x_wconf 85' lang='lat' dir='ltr'>sacerdos?</span> <span class='ocrx_word' id='word_1_150' title='bbox 1779 968 1820 995; x_wconf 81' lang='lat'>10</span> 
     </span>
     <span class='ocr_line' id='line_1_32' title="bbox 434 1021 1765 1073; baseline 0.003 -15"><span class='ocrx_word' id='word_1_151' title='bbox 434 1021 534 1068; x_wconf 85' lang='lat' dir='ltr'>Quis</span> <span class='ocrx_word' id='word_1_152' title='bbox 553 1022 728 1059; x_wconf 84' lang='lat' dir='ltr'>vendicat</span> <span class='ocrx_word' id='word_1_153' title='bbox 749 1021 1016 1060; x_wconf 89' lang='lat' dir='ltr'>dominancius</span> <span class='ocrx_word' id='word_1_154' title='bbox 1036 1023 1264 1061; x_wconf 87' lang='lat' dir='ltr'>ministrari?</span> <span class='ocrx_word' id='word_1_155' title='bbox 1321 1023 1394 1061; x_wconf 89' lang='lat' dir='ltr'>Vel</span> <span class='ocrx_word' id='word_1_156' title='bbox 1411 1024 1494 1073; x_wconf 90' lang='lat' dir='ltr'>quis</span> <span class='ocrx_word' id='word_1_157' title='bbox 1510 1024 1765 1073; x_wconf 85' lang='lat' dir='ltr'>impetuosius</span> 
     </span>
     <span class='ocr_line' id='line_1_33' title="bbox 434 1092 1763 1144; baseline 0.003 -15"><span class='ocrx_word' id='word_1_158' title='bbox 434 1093 647 1142; x_wconf 83' lang='lat' dir='ltr'>insequitur</span> <span class='ocrx_word' id='word_1_159' title='bbox 675 1105 746 1142; x_wconf 91' lang='lat' dir='ltr'>pro</span> <span class='ocrx_word' id='word_1_160' title='bbox 774 1105 844 1130; x_wconf 89' lang='lat' dir='ltr'>sua</span> <span class='ocrx_word' id='word_1_161' title='bbox 871 1092 1008 1130; x_wconf 89' lang='lat' dir='ltr'>iniuria</span> <span class='ocrx_word' id='word_1_162' title='bbox 1034 1093 1288 1132; x_wconf 88' lang='lat' dir='ltr'>vindicanda?</span> <span class='ocrx_word' id='word_1_163' title='bbox 1346 1093 1408 1132; x_wconf 87' lang='lat' dir='ltr'>Sic</span> <span class='ocrx_word' id='word_1_164' title='bbox 1437 1095 1544 1144; x_wconf 91' lang='lat' dir='ltr'>quod</span> <span class='ocrx_word' id='word_1_165' title='bbox 1573 1095 1644 1133; x_wconf 86' lang='lat' dir='ltr'>alie</span> <span class='ocrx_word' id='word_1_166' title='bbox 1673 1107 1763 1133; x_wconf 90' lang='lat' dir='ltr'>aves</span> 
     </span>
    </p>

    <p class='ocr_par' dir='ltr' id='par_1_8' title="bbox 432 1163 1877 1778">
     <span class='ocr_line' id='line_1_34' title="bbox 434 1163 1763 1214; baseline 0.002 -13"><span class='ocrx_word' id='word_1_167' title='bbox 434 1176 457 1201; x_wconf 87' lang='lat' dir='ltr'>a</span> <span class='ocrx_word' id='word_1_168' title='bbox 477 1163 572 1201; x_wconf 88' lang='lat' dir='ltr'>rethi</span> <span class='ocrx_word' id='word_1_169' title='bbox 600 1163 758 1201; x_wconf 87' lang='lat' dir='ltr'>ecclesie</span> <span class='ocrx_word' id='word_1_170' title='bbox 779 1175 847 1212; x_wconf 89' lang='lat' dir='ltr'>per</span> <span class='ocrx_word' id='word_1_171' title='bbox 872 1163 986 1201; x_wconf 90' lang='lat' dir='ltr'>Cristi</span> <span class='ocrx_word' id='word_1_172' title='bbox 1014 1163 1246 1202; x_wconf 85' lang='lat' dir='ltr'>domesticos</span> <span class='ocrx_word' id='word_1_173' title='bbox 1267 1170 1420 1202; x_wconf 87' lang='lat' dir='ltr'>cecatos</span> <span class='ocrx_word' id='word_1_174' title='bbox 1440 1165 1592 1214; x_wconf 89' lang='lat' dir='ltr'>pulvere</span> <span class='ocrx_word' id='word_1_175' title='bbox 1613 1172 1763 1214; x_wconf 87' lang='lat' dir='ltr'>tempo-</span> 
     </span>
     <span class='ocr_line' id='line_1_35' title="bbox 434 1233 1766 1284; baseline 0.002 -14"><span class='ocrx_word' id='word_1_176' title='bbox 434 1234 569 1271; x_wconf 91' lang='lat' dir='ltr'>ralium</span> <span class='ocrx_word' id='word_1_177' title='bbox 589 1233 837 1273; x_wconf 86' lang='lat' dir='ltr'>deterrentur.</span> <span class='ocrx_word' id='word_1_178' title='bbox 895 1233 993 1280; x_wconf 84' lang='lat' dir='ltr'>Quis</span> <span class='ocrx_word' id='word_1_179' title='bbox 1019 1234 1133 1283; x_wconf 85' lang='lat' dir='ltr'>igitur</span> <span class='ocrx_word' id='word_1_180' title='bbox 1159 1246 1239 1272; x_wconf 93' lang='lat' dir='ltr'>non</span> <span class='ocrx_word' id='word_1_181' title='bbox 1268 1234 1476 1272; x_wconf 85' lang='lat' dir='ltr'>offenditur</span> <span class='ocrx_word' id='word_1_182' title='bbox 1503 1235 1609 1284; x_wconf 87' lang='lat' dir='ltr'>quod</span> <span class='ocrx_word' id='word_1_183' title='bbox 1637 1241 1766 1273; x_wconf 89' lang='lat' dir='ltr'>tantus</span> 
     </span>
     <span class='ocr_line' id='line_1_36' title="bbox 433 1304 1877 1353; baseline -0.001 -11"><span class='ocrx_word' id='word_1_184' title='bbox 433 1305 544 1342; x_wconf 86' lang='lat' dir='ltr'>labor</span> <span class='ocrx_word' id='word_1_185' title='bbox 569 1310 649 1342; x_wconf 87' lang='lat' dir='ltr'>tam</span> <span class='ocrx_word' id='word_1_186' title='bbox 675 1305 800 1353; x_wconf 85' lang='lat' dir='ltr'>gravis</span> <span class='ocrx_word' id='word_1_187' title='bbox 830 1316 994 1353; x_wconf 87' lang='lat' dir='ltr'>persone</span> <span class='ocrx_word' id='word_1_188' title='bbox 1022 1310 1100 1341; x_wconf 89' lang='lat' dir='ltr'>tam</span> <span class='ocrx_word' id='word_1_189' title='bbox 1119 1304 1327 1353; x_wconf 88' lang='lat' dir='ltr'>proditorie</span> <span class='ocrx_word' id='word_1_190' title='bbox 1348 1304 1580 1343; x_wconf 89' lang='lat' dir='ltr'>inten*ditur</span> <span class='ocrx_word' id='word_1_191' title='bbox 1599 1305 1765 1344; x_wconf 87' lang='lat' dir='ltr'>frustrari</span> <span class='ocrx_word' id='word_1_192' title='bbox 1779 1310 1823 1343; x_wconf 83' lang='lat'>57</span> <span class='ocrx_word' id='word_1_193' title='bbox 1840 1310 1877 1340; x_wconf 87' lang='lat' dir='ltr'>b.</span> 
     </span>
     <span class='ocr_line' id='line_1_37' title="bbox 432 1374 1769 1426; baseline 0.001 -14"><span class='ocrx_word' id='word_1_194' title='bbox 432 1388 500 1424; x_wconf 93' lang='lat' dir='ltr'>per</span> <span class='ocrx_word' id='word_1_195' title='bbox 528 1387 656 1413; x_wconf 86' lang='lat' dir='ltr'>mores</span> <span class='ocrx_word' id='word_1_196' title='bbox 686 1374 734 1412; x_wconf 80' lang='lat' dir='ltr'>a3</span> <span class='ocrx_word' id='word_1_197' title='bbox 764 1374 890 1412; x_wconf 88' lang='lat' dir='ltr'>Cristo</span> <span class='ocrx_word' id='word_1_198' title='bbox 924 1375 1147 1421; x_wconf 85' lang='lat' dir='ltr'>contrarios,</span> <span class='ocrx_word' id='word_1_199' title='bbox 1169 1375 1207 1411; x_wconf 92' lang='lat' dir='ltr'>in</span> <span class='ocrx_word' id='word_1_200' title='bbox 1237 1381 1386 1412; x_wconf 88' lang='lat' dir='ltr'>tantum</span> <span class='ocrx_word' id='word_1_201' title='bbox 1416 1376 1522 1426; x_wconf 88' lang='lat' dir='ltr'>quod</span> <span class='ocrx_word' id='word_1_202' title='bbox 1551 1376 1769 1425; x_wconf 86' lang='lat' dir='ltr'>superiores</span> 
     </span>
     <span class='ocr_line' id='line_1_38' title="bbox 433 1446 1768 1495; baseline 0.001 -12"><span class='ocrx_word' id='word_1_203' title='bbox 433 1446 651 1483; x_wconf 84' lang='lat' dir='ltr'>sacerdotes</span> <span class='ocrx_word' id='word_1_204' title='bbox 688 1452 894 1494; x_wconf 81' lang='lat' dir='ltr'>gravantur</span> <span class='ocrx_word' id='word_1_205' title='bbox 931 1452 967 1483; x_wconf 92' lang='lat' dir='ltr'>et</span> <span class='ocrx_word' id='word_1_206' title='bbox 1008 1452 1185 1494; x_wconf 87' lang='lat' dir='ltr'>reputant</span> <span class='ocrx_word' id='word_1_207' title='bbox 1199 1446 1212 1465; x_wconf 75' lang='lat'>‘²</span> <span class='ocrx_word' id='word_1_208' title='bbox 1251 1446 1413 1484; x_wconf 90' lang='lat' dir='ltr'>omnino</span> <span class='ocrx_word' id='word_1_209' title='bbox 1452 1446 1688 1495; x_wconf 82' lang='lat' dir='ltr'>superfluum</span> <span class='ocrx_word' id='word_1_210' title='bbox 1726 1454 1768 1485; x_wconf 93' lang='lat' dir='ltr'>ut</span> 
     </span>
     <span class='ocr_line' id='line_1_39' title="bbox 433 1515 1768 1567; baseline 0.001 -14"><span class='ocrx_word' id='word_1_211' title='bbox 433 1516 582 1554; x_wconf 87' lang='lat' dir='ltr'>discant</span> <span class='ocrx_word' id='word_1_212' title='bbox 611 1515 668 1553; x_wconf 90' lang='lat' dir='ltr'>vel</span> <span class='ocrx_word' id='word_1_213' title='bbox 697 1515 865 1561; x_wconf 89' lang='lat' dir='ltr'>audiant,</span> <span class='ocrx_word' id='word_1_214' title='bbox 894 1521 931 1553; x_wconf 92' lang='lat' dir='ltr'>et</span> <span class='ocrx_word' id='word_1_215' title='bbox 956 1515 1077 1553; x_wconf 92' lang='lat' dir='ltr'>multo</span> <span class='ocrx_word' id='word_1_216' title='bbox 1107 1515 1232 1564; x_wconf 84' lang='lat' dir='ltr'>magis</span> <span class='ocrx_word' id='word_1_217' title='bbox 1254 1522 1294 1553; x_wconf 93' lang='lat' dir='ltr'>ut</span> <span class='ocrx_word' id='word_1_218' title='bbox 1320 1516 1528 1566; x_wconf 88' lang='lat' dir='ltr'>predicent,</span> <span class='ocrx_word' id='word_1_219' title='bbox 1551 1516 1677 1567; x_wconf 84' lang='lat' dir='ltr'>legem</span> <span class='ocrx_word' id='word_1_220' title='bbox 1707 1517 1768 1555; x_wconf 87' lang='lat' dir='ltr'>dei</span> 
     </span>
     <span class='ocr_line' id='line_1_40' title="bbox 435 1586 1768 1637; baseline 0.002 -13"><span class='ocrx_word' id='word_1_221' title='bbox 435 1586 560 1632; x_wconf 87' lang='lat' dir='ltr'>Cristi,</span> <span class='ocrx_word' id='word_1_222' title='bbox 582 1587 649 1624; x_wconf 92' lang='lat' dir='ltr'>sed</span> <span class='ocrx_word' id='word_1_223' title='bbox 669 1598 740 1636; x_wconf 90' lang='lat' dir='ltr'>pro</span> <span class='ocrx_word' id='word_1_224' title='bbox 760 1586 858 1624; x_wconf 86' lang='lat' dir='ltr'>fastu</span> <span class='ocrx_word' id='word_1_225' title='bbox 879 1586 1008 1633; x_wconf 86' lang='lat' dir='ltr'>seculi,</span> <span class='ocrx_word' id='word_1_226' title='bbox 1029 1586 1189 1632; x_wconf 88' lang='lat' dir='ltr'>honore,</span> <span class='ocrx_word' id='word_1_227' title='bbox 1205 1586 1350 1633; x_wconf 89' lang='lat' dir='ltr'>mundi,</span> <span class='ocrx_word' id='word_1_228' title='bbox 1372 1587 1545 1625; x_wconf 90' lang='lat' dir='ltr'>fomento</span> <span class='ocrx_word' id='word_1_229' title='bbox 1575 1594 1768 1637; x_wconf 88' lang='lat' dir='ltr'>tempora-</span> 
     </span>
     <span class='ocr_line' id='line_1_41' title="bbox 435 1657 1831 1707; baseline 0.001 -13"><span class='ocrx_word' id='word_1_230' title='bbox 435 1658 527 1695; x_wconf 90' lang='lat' dir='ltr'>lium</span> <span class='ocrx_word' id='word_1_231' title='bbox 543 1657 831 1707; x_wconf 87' lang='lat' dir='ltr'>diligentissime</span> <span class='ocrx_word' id='word_1_232' title='bbox 846 1657 1024 1695; x_wconf 89' lang='lat' dir='ltr'>laborant</span> <span class='ocrx_word' id='word_1_233' title='bbox 1044 1663 1080 1695; x_wconf 86' lang='lat' dir='ltr'>et</span> <span class='ocrx_word' id='word_1_234' title='bbox 1100 1657 1265 1695; x_wconf 82' lang='lat' dir='ltr'>zelantes</span> <span class='ocrx_word' id='word_1_235' title='bbox 1280 1669 1350 1707; x_wconf 91' lang='lat' dir='ltr'>pro</span> <span class='ocrx_word' id='word_1_236' title='bbox 1365 1657 1448 1707; x_wconf 84' lang='lat' dir='ltr'>lege</span> <span class='ocrx_word' id='word_1_237' title='bbox 1463 1657 1575 1696; x_wconf 88' lang='lat' dir='ltr'>Cristi</span> <span class='ocrx_word' id='word_1_238' title='bbox 1595 1658 1767 1696; x_wconf 83' lang='lat' dir='ltr'>nituntur</span> <span class='ocrx_word' id='word_1_239' title='bbox 1783 1668 1831 1692; x_wconf 63' lang='lat'>20&gt;</span> 
     </span>
     <span class='ocr_line' id='line_1_42' title="bbox 435 1729 698 1778; baseline 0.004 -12"><span class='ocrx_word' id='word_1_240' title='bbox 435 1729 668 1778; x_wconf 83' lang='lat' dir='ltr'>extingwere</span> <span class='ocrx_word' id='word_1_241' title='bbox 684 1729 698 1766; x_wconf 89' lang='lat'>?</span> 
     </span>
    </p>

    <p class='ocr_par' dir='ltr' id='par_1_9' title="bbox 436 1800 1989 2627">
     <span class='ocr_line' id='line_1_43' title="bbox 491 1800 1768 1852; baseline 0.002 -15"><span class='ocrx_word' id='word_1_242' title='bbox 491 1800 541 1837; x_wconf 86' lang='lat' dir='ltr'>Et</span> <span class='ocrx_word' id='word_1_243' title='bbox 576 1806 680 1850; x_wconf 89' lang='lat' dir='ltr'>patet</span> <span class='ocrx_word' id='word_1_244' title='bbox 712 1800 818 1850; x_wconf 86' lang='lat' dir='ltr'>quod</span> <span class='ocrx_word' id='word_1_245' title='bbox 849 1800 887 1838; x_wconf 91' lang='lat' dir='ltr'>in</span> <span class='ocrx_word' id='word_1_246' title='bbox 922 1807 1003 1840; x_wconf 84' lang='lat' dir='ltr'>toto</span> <span class='ocrx_word' id='word_1_247' title='bbox 1036 1801 1109 1839; x_wconf 90' lang='lat' dir='ltr'>isto</span> <span class='ocrx_word' id='word_1_248' title='bbox 1139 1807 1299 1839; x_wconf 90' lang='lat' dir='ltr'>tractatu</span> <span class='ocrx_word' id='word_1_249' title='bbox 1330 1802 1369 1839; x_wconf 93' lang='lat' dir='ltr'>in</span> <span class='ocrx_word' id='word_1_250' title='bbox 1403 1813 1540 1852; x_wconf 85' lang='lat' dir='ltr'>grosso</span> <span class='ocrx_word' id='word_1_251' title='bbox 1572 1802 1768 1841; x_wconf 88' lang='lat' dir='ltr'>senserim.</span> 
     </span>
     <span class='ocr_line' id='line_1_44' title="bbox 437 1870 1769 1922; baseline 0.001 -14"><span class='ocrx_word' id='word_1_252' title='bbox 437 1870 551 1918; x_wconf 89' lang='lat' dir='ltr'>Tota,</span> <span class='ocrx_word' id='word_1_253' title='bbox 573 1871 743 1920; x_wconf 82' lang='lat' dir='ltr'>inquam,</span> <span class='ocrx_word' id='word_1_254' title='bbox 764 1871 951 1909; x_wconf 89' lang='lat' dir='ltr'>distencio</span> <span class='ocrx_word' id='word_1_255' title='bbox 978 1878 1092 1921; x_wconf 89' lang='lat' dir='ltr'>atque</span> <span class='ocrx_word' id='word_1_256' title='bbox 1119 1871 1286 1910; x_wconf 87' lang='lat' dir='ltr'>intencio</span> <span class='ocrx_word' id='word_1_257' title='bbox 1316 1879 1390 1911; x_wconf 90' lang='lat' dir='ltr'>stat</span> <span class='ocrx_word' id='word_1_258' title='bbox 1409 1873 1448 1910; x_wconf 93' lang='lat' dir='ltr'>in</span> <span class='ocrx_word' id='word_1_259' title='bbox 1468 1873 1610 1911; x_wconf 88' lang='lat' dir='ltr'>tribus:</span> <span class='ocrx_word' id='word_1_260' title='bbox 1642 1873 1769 1922; x_wconf 89' lang='lat' dir='ltr'>primo</span> 
     </span>
     <span class='ocr_line' id='line_1_45' title="bbox 436 1941 1768 1991; baseline 0.002 -13"><span class='ocrx_word' id='word_1_261' title='bbox 436 1941 542 1991; x_wconf 87' lang='lat' dir='ltr'>quod</span> <span class='ocrx_word' id='word_1_262' title='bbox 566 1941 701 1987; x_wconf 89' lang='lat' dir='ltr'>clerus,</span> <span class='ocrx_word' id='word_1_263' title='bbox 729 1948 766 1979; x_wconf 90' lang='lat' dir='ltr'>et</span> <span class='ocrx_word' id='word_1_264' title='bbox 796 1941 1008 1990; x_wconf 85' lang='lat' dir='ltr'>specialiter</span> <span class='ocrx_word' id='word_1_265' title='bbox 1032 1949 1148 1991; x_wconf 88' lang='lat' dir='ltr'>caput</span> <span class='ocrx_word' id='word_1_266' title='bbox 1183 1942 1282 1988; x_wconf 86' lang='lat' dir='ltr'>cleri,</span> <span class='ocrx_word' id='word_1_267' title='bbox 1317 1943 1430 1981; x_wconf 88' lang='lat' dir='ltr'>debet</span> <span class='ocrx_word' id='word_1_268' title='bbox 1462 1955 1547 1981; x_wconf 88' lang='lat' dir='ltr'>esse</span> <span class='ocrx_word' id='word_1_269' title='bbox 1579 1943 1768 1991; x_wconf 84' lang='lat' dir='ltr'>humilior,</span> 
     </span>
     <span class='ocr_line' id='line_1_46' title="bbox 436 2012 1823 2061; baseline 0.001 -11"><span class='ocrx_word' id='word_1_270' title='bbox 436 2012 671 2050; x_wconf 86' lang='lat' dir='ltr'>servitivi0r⁵</span> <span class='ocrx_word' id='word_1_271' title='bbox 700 2018 813 2061; x_wconf 87' lang='lat' dir='ltr'>atque</span> <span class='ocrx_word' id='word_1_272' title='bbox 843 2013 1059 2061; x_wconf 85' lang='lat' dir='ltr'>pauperior.</span> <span class='ocrx_word' id='word_1_273' title='bbox 1117 2012 1209 2059; x_wconf 88' lang='lat' dir='ltr'>Quo</span> <span class='ocrx_word' id='word_1_274' title='bbox 1238 2020 1374 2051; x_wconf 89' lang='lat' dir='ltr'>contra</span> <span class='ocrx_word' id='word_1_275' title='bbox 1402 2013 1609 2052; x_wconf 87' lang='lat' dir='ltr'>adversans</span> <span class='ocrx_word' id='word_1_276' title='bbox 1638 2015 1770 2052; x_wconf 88' lang='lat' dir='ltr'>asserit</span> <span class='ocrx_word' id='word_1_277' title='bbox 1785 2020 1823 2056; x_wconf 86' lang='lat'>25</span> 
     </span>
     <span class='ocr_line' id='line_1_47' title="bbox 437 2083 1769 2133; baseline 0.002 -13"><span class='ocrx_word' id='word_1_278' title='bbox 437 2083 543 2133; x_wconf 88' lang='lat' dir='ltr'>quod</span> <span class='ocrx_word' id='word_1_279' title='bbox 563 2083 685 2121; x_wconf 88' lang='lat' dir='ltr'>clerus</span> <span class='ocrx_word' id='word_1_280' title='bbox 705 2090 742 2120; x_wconf 88' lang='lat' dir='ltr'>et</span> <span class='ocrx_word' id='word_1_281' title='bbox 763 2083 977 2132; x_wconf 88' lang='lat' dir='ltr'>specialiter</span> <span class='ocrx_word' id='word_1_282' title='bbox 997 2095 1100 2132; x_wconf 88' lang='lat' dir='ltr'>papa</span> <span class='ocrx_word' id='word_1_283' title='bbox 1121 2083 1234 2121; x_wconf 89' lang='lat' dir='ltr'>debet</span> <span class='ocrx_word' id='word_1_284' title='bbox 1260 2095 1344 2121; x_wconf 90' lang='lat' dir='ltr'>esse</span> <span class='ocrx_word' id='word_1_285' title='bbox 1364 2084 1512 2122; x_wconf 89' lang='lat' dir='ltr'>mundo</span> <span class='ocrx_word' id='word_1_286' title='bbox 1533 2084 1769 2133; x_wconf 88' lang='lat' dir='ltr'>splendidior</span> 
     </span>
     <span class='ocr_line' id='line_1_48' title="bbox 437 2153 1831 2204; baseline -0.002 -13"><span class='ocrx_word' id='word_1_287' title='bbox 437 2154 694 2204; x_wconf 88' lang='lat' dir='ltr'>imperativior</span> <span class='ocrx_word' id='word_1_288' title='bbox 732 2160 769 2191; x_wconf 87' lang='lat' dir='ltr'>et</span> <span class='ocrx_word' id='word_1_289' title='bbox 808 2153 1088 2191; x_wconf 85' lang='lat' dir='ltr'>dominativior.</span> <span class='ocrx_word' id='word_1_290' title='bbox 1160 2153 1342 2192; x_wconf 91' lang='lat' dir='ltr'>Secundo</span> <span class='ocrx_word' id='word_1_291' title='bbox 1386 2154 1475 2192; x_wconf 90' lang='lat' dir='ltr'>dicit</span> <span class='ocrx_word' id='word_1_292' title='bbox 1512 2154 1769 2204; x_wconf 85' lang='lat' dir='ltr'>phalsigrafus</span> <span class='ocrx_word' id='word_1_293' title='bbox 1784 2160 1831 2189; x_wconf 85' lang='lat' dir='ltr'>Y.</span> 
     </span>
     <span class='ocr_line' id='line_1_49' title="bbox 437 2223 1989 2275; baseline -0.001 -13"><span class='ocrx_word' id='word_1_294' title='bbox 437 2224 543 2275; x_wconf 88' lang='lat' dir='ltr'>quod</span> <span class='ocrx_word' id='word_1_295' title='bbox 569 2225 692 2262; x_wconf 88' lang='lat' dir='ltr'>clerus</span> <span class='ocrx_word' id='word_1_296' title='bbox 721 2225 836 2262; x_wconf 88' lang='lat' dir='ltr'>debet</span> <span class='ocrx_word' id='word_1_297' title='bbox 863 2225 1032 2262; x_wconf 83' lang='lat' dir='ltr'>maxime</span> <span class='ocrx_word' id='word_1_298' title='bbox 1057 2225 1267 2274; x_wconf 85' lang='lat' dir='ltr'>capitaliter</span> <span class='ocrx_word' id='word_1_299' title='bbox 1289 2223 1307 2243; x_wconf 75' lang='lat'>‘¹‘</span> <span class='ocrx_word' id='word_1_300' title='bbox 1330 2232 1445 2274; x_wconf 89' lang='lat' dir='ltr'>atque</span> <span class='ocrx_word' id='word_1_301' title='bbox 1466 2225 1620 2263; x_wconf 89' lang='lat' dir='ltr'>civiliter</span> <span class='ocrx_word' id='word_1_302' title='bbox 1639 2238 1770 2275; x_wconf 88' lang='lat' dir='ltr'>regere</span> <span class='ocrx_word' id='word_1_303' title='bbox 1785 2229 1942 2261; x_wconf 80' lang='lat' dir='ltr'>F01.182</span> <span class='ocrx_word' id='word_1_304' title='bbox 1955 2238 1989 2260; x_wconf 81' lang='lat' dir='ltr'>a.</span> 
     </span>
     <span class='ocr_line' id='line_1_50' title="bbox 439 2295 1772 2341; baseline 0.001 -9"><span class='ocrx_word' id='word_1_305' title='bbox 439 2296 589 2332; x_wconf 79' lang='lat' dir='ltr'>sinistra</span> <span class='ocrx_word' id='word_1_306' title='bbox 616 2296 721 2333; x_wconf 85' lang='lat' dir='ltr'>bona</span> <span class='ocrx_word' id='word_1_307' title='bbox 741 2295 913 2341; x_wconf 89' lang='lat' dir='ltr'>ecclesie,</span> <span class='ocrx_word' id='word_1_308' title='bbox 942 2301 979 2332; x_wconf 85' lang='lat' dir='ltr'>et</span> <span class='ocrx_word' id='word_1_309' title='bbox 1005 2295 1059 2332; x_wconf 90' lang='lat' dir='ltr'>sic</span> <span class='ocrx_word' id='word_1_310' title='bbox 1082 2295 1342 2333; x_wconf 87' lang='lat' dir='ltr'>auctoritative</span> <span class='ocrx_word' id='word_1_311' title='bbox 1372 2301 1408 2332; x_wconf 91' lang='lat' dir='ltr'>et</span> <span class='ocrx_word' id='word_1_312' title='bbox 1435 2295 1595 2333; x_wconf 88' lang='lat' dir='ltr'>sollicite</span> <span class='ocrx_word' id='word_1_313' title='bbox 1623 2296 1669 2333; x_wconf 93' lang='lat' dir='ltr'>de</span> <span class='ocrx_word' id='word_1_314' title='bbox 1699 2296 1772 2333; x_wconf 89' lang='lat' dir='ltr'>illis</span> 
     </span>
     <span class='ocr_line' id='line_1_51' title="bbox 438 2365 1831 2411; baseline 0.001 -8"><span class='ocrx_word' id='word_1_315' title='bbox 438 2366 595 2403; x_wconf 86' lang='lat' dir='ltr'>civiliter</span> <span class='ocrx_word' id='word_1_316' title='bbox 608 2366 791 2411; x_wconf 87' lang='lat' dir='ltr'>iudicare,</span> <span class='ocrx_word' id='word_1_317' title='bbox 805 2371 842 2403; x_wconf 87' lang='lat' dir='ltr'>et</span> <span class='ocrx_word' id='word_1_318' title='bbox 858 2365 906 2402; x_wconf 91' lang='lat' dir='ltr'>ad</span> <span class='ocrx_word' id='word_1_319' title='bbox 923 2365 997 2402; x_wconf 91' lang='lat' dir='ltr'>hoc</span> <span class='ocrx_word' id='word_1_320' title='bbox 1013 2365 1131 2403; x_wconf 88' lang='lat' dir='ltr'>habet</span> <span class='ocrx_word' id='word_1_321' title='bbox 1144 2365 1222 2402; x_wconf 86' lang='lat' dir='ltr'>dux</span> <span class='ocrx_word' id='word_1_322' title='bbox 1237 2366 1249 2385; x_wconf 77' lang='lat'><strong>⁶</strong></span> <span class='ocrx_word' id='word_1_323' title='bbox 1269 2378 1337 2403; x_wconf 89' lang='lat' dir='ltr'>sue</span> <span class='ocrx_word' id='word_1_324' title='bbox 1358 2378 1380 2402; x_wconf 91' lang='lat' dir='ltr'>a</span> <span class='ocrx_word' id='word_1_325' title='bbox 1397 2365 1524 2403; x_wconf 86' lang='lat' dir='ltr'>Cristo</span> <span class='ocrx_word' id='word_1_326' title='bbox 1536 2365 1768 2404; x_wconf 85' lang='lat' dir='ltr'>ineffabilem</span> <span class='ocrx_word' id='word_1_327' title='bbox 1785 2374 1831 2405; x_wconf 82' lang='lat'>30·</span> 
     </span>
     <span class='ocr_line' id='line_1_52' title="bbox 440 2436 1771 2486; baseline 0.001 -13"><span class='ocrx_word' id='word_1_328' title='bbox 440 2442 678 2483; x_wconf 85' lang='lat' dir='ltr'>potestatem.</span> <span class='ocrx_word' id='word_1_329' title='bbox 738 2436 813 2473; x_wconf 89' lang='lat' dir='ltr'>Sed</span> <span class='ocrx_word' id='word_1_330' title='bbox 833 2436 993 2474; x_wconf 91' lang='lat' dir='ltr'>omnino</span> <span class='ocrx_word' id='word_1_331' title='bbox 1014 2449 1034 2474; x_wconf 92' lang='lat' dir='ltr'>e</span> <span class='ocrx_word' id='word_1_332' title='bbox 1055 2442 1190 2474; x_wconf 88' lang='lat' dir='ltr'>contra</span> <span class='ocrx_word' id='word_1_333' title='bbox 1210 2436 1300 2474; x_wconf 87' lang='lat' dir='ltr'>dicit</span> <span class='ocrx_word' id='word_1_334' title='bbox 1321 2437 1520 2484; x_wconf 88' lang='lat' dir='ltr'>veridicus,</span> <span class='ocrx_word' id='word_1_335' title='bbox 1543 2436 1647 2486; x_wconf 87' lang='lat' dir='ltr'>quod</span> <span class='ocrx_word' id='word_1_336' title='bbox 1668 2443 1771 2474; x_wconf 89' lang='lat' dir='ltr'>totus</span> 
     </span>
     <span class='ocr_line' id='line_1_53' title="bbox 438 2507 1770 2556; baseline 0 -12"><span class='ocrx_word' id='word_1_337' title='bbox 438 2507 572 2554; x_wconf 85' lang='lat' dir='ltr'>clerus,</span> <span class='ocrx_word' id='word_1_338' title='bbox 604 2514 641 2544; x_wconf 87' lang='lat' dir='ltr'>et</span> <span class='ocrx_word' id='word_1_339' title='bbox 675 2507 885 2556; x_wconf 88' lang='lat' dir='ltr'>specialiter</span> <span class='ocrx_word' id='word_1_340' title='bbox 923 2519 1034 2555; x_wconf 86' lang='lat' dir='ltr'>papa,</span> <span class='ocrx_word' id='word_1_341' title='bbox 1063 2507 1178 2544; x_wconf 88' lang='lat' dir='ltr'>debet</span> <span class='ocrx_word' id='word_1_342' title='bbox 1215 2507 1318 2544; x_wconf 85' lang='lat' dir='ltr'>iuxta</span> <span class='ocrx_word' id='word_1_343' title='bbox 1352 2519 1496 2545; x_wconf 92' lang='lat' dir='ltr'>nomen</span> <span class='ocrx_word' id='word_1_344' title='bbox 1536 2519 1648 2544; x_wconf 90' lang='lat' dir='ltr'>suum</span> <span class='ocrx_word' id='word_1_345' title='bbox 1686 2519 1770 2545; x_wconf 88' lang='lat' dir='ltr'>esse</span> 
     </span>
     <span class='ocr_line' id='line_1_54' title="bbox 439 2577 1770 2627; baseline 0 -13"><span class='ocrx_word' id='word_1_346' title='bbox 439 2578 607 2615; x_wconf 85' lang='lat' dir='ltr'>maxime</span> <span class='ocrx_word' id='word_1_347' title='bbox 628 2578 832 2626; x_wconf 82' lang='lat' dir='ltr'>elongatus</span> <span class='ocrx_word' id='word_1_348' title='bbox 853 2589 875 2614; x_wconf 91' lang='lat' dir='ltr'>a</span> <span class='ocrx_word' id='word_1_349' title='bbox 896 2577 1042 2614; x_wconf 87' lang='lat' dir='ltr'>mundo</span> <span class='ocrx_word' id='word_1_350' title='bbox 1061 2583 1098 2614; x_wconf 89' lang='lat' dir='ltr'>et</span> <span class='ocrx_word' id='word_1_351' title='bbox 1118 2578 1199 2614; x_wconf 84' lang='lat' dir='ltr'>eius</span> <span class='ocrx_word' id='word_1_352' title='bbox 1213 2578 1345 2615; x_wconf 83' lang='lat' dir='ltr'>causis</span> <span class='ocrx_word' id='word_1_353' title='bbox 1359 2584 1471 2627; x_wconf 90' lang='lat' dir='ltr'>atque</span> <span class='ocrx_word' id='word_1_354' title='bbox 1485 2577 1680 2627; x_wconf 80' lang='lat' dir='ltr'>regimine,</span> <span class='ocrx_word' id='word_1_355' title='bbox 1699 2590 1770 2615; x_wconf 91' lang='lat' dir='ltr'>nec</span> 
     </span>
    </p>
   </div>
   <div class='ocr_carea' id='block_1_8' title="bbox 441 2690 1773 2834">
    <p class='ocr_par' dir='ltr' id='par_1_10' title="bbox 441 2690 1773 2834">
     <span class='ocr_line' id='line_1_55' title="bbox 484 2690 1773 2731; baseline 0.001 -10"><span class='ocrx_word' id='word_1_356' title='bbox 484 2691 492 2708; x_wconf 96' lang='lat'>¹</span> <span class='ocrx_word' id='word_1_357' title='bbox 520 2690 636 2730; x_wconf 80' lang='lat' dir='ltr'>injuria</span> <span class='ocrx_word' id='word_1_358' title='bbox 653 2701 722 2730; x_wconf 86' lang='lat' dir='ltr'>sua,</span> <span class='ocrx_word' id='word_1_359' title='bbox 739 2691 807 2722; x_wconf 70' lang='lat' dir='ltr'>ord.</span> <span class='ocrx_word' id='word_1_360' title='bbox 826 2691 894 2722; x_wconf 76' lang='lat' dir='ltr'>inv.</span> <span class='ocrx_word' id='word_1_361' title='bbox 914 2699 944 2722; x_wconf 86' lang='grc' dir='ltr'>Β.</span> <span class='ocrx_word' id='word_1_362' title='bbox 1034 2691 1045 2709; x_wconf 84' lang='lat'><strong>²</strong></span> <span class='ocrx_word' id='word_1_363' title='bbox 1061 2691 1134 2731; x_wconf 84' lang='lat' dir='ltr'>quis</span> <span class='ocrx_word' id='word_1_364' title='bbox 1151 2691 1236 2731; x_wconf 87' lang='lat' dir='ltr'>plus,</span> <span class='ocrx_word' id='word_1_365' title='bbox 1253 2691 1319 2722; x_wconf 73' lang='lat' dir='ltr'>ord.</span> <span class='ocrx_word' id='word_1_366' title='bbox 1339 2692 1406 2722; x_wconf 79' lang='lat' dir='ltr'>inv.</span> <span class='ocrx_word' id='word_1_367' title='bbox 1425 2699 1458 2722; x_wconf 86' lang='lat' dir='ltr'>A.</span> <span class='ocrx_word' id='word_1_368' title='bbox 1549 2691 1560 2708; x_wconf 77' lang='lat'>³</span> <span class='ocrx_word' id='word_1_369' title='bbox 1577 2695 1651 2731; x_wconf 74' lang='lat' dir='ltr'>post</span> <span class='ocrx_word' id='word_1_370' title='bbox 1666 2701 1773 2722; x_wconf 89' lang='lat' dir='ltr'>mores</span> 
     </span>
     <span class='ocr_line' id='line_1_56' title="bbox 442 2742 1773 2784; baseline 0 -12"><span class='ocrx_word' id='word_1_371' title='bbox 442 2743 514 2773; x_wconf 70' lang='lat' dir='ltr'>add.</span> <span class='ocrx_word' id='word_1_372' title='bbox 534 2754 564 2780; x_wconf 82' lang='lat' dir='ltr'>a,</span> <span class='ocrx_word' id='word_1_373' title='bbox 583 2751 614 2773; x_wconf 84' lang='lat' dir='ltr'>A.</span> <span class='ocrx_word' id='word_1_374' title='bbox 759 2742 770 2759; x_wconf 80' lang='lat'>⁴</span> <span class='ocrx_word' id='word_1_375' title='bbox 796 2747 988 2783; x_wconf 83' lang='lat' dir='ltr'>reputantur</span> <span class='ocrx_word' id='word_1_376' title='bbox 1008 2747 1072 2783; x_wconf 65' lang='lat' dir='ltr'>pro</span> <span class='ocrx_word' id='word_1_377' title='bbox 1095 2747 1254 2784; x_wconf 80' lang='lat' dir='ltr'>reputant,</span> <span class='ocrx_word' id='word_1_378' title='bbox 1275 2751 1308 2774; x_wconf 87' lang='lat' dir='ltr'>A.</span> <span class='ocrx_word' id='word_1_379' title='bbox 1443 2743 1454 2761; x_wconf 77' lang='lat'>⁵</span> <span class='ocrx_word' id='word_1_380' title='bbox 1478 2743 1534 2774; x_wconf 81' lang='lat' dir='ltr'>sed</span> <span class='ocrx_word' id='word_1_381' title='bbox 1558 2742 1694 2774; x_wconf 84' lang='lat' dir='ltr'>vicinior</span> <span class='ocrx_word' id='word_1_382' title='bbox 1710 2746 1773 2782; x_wconf 78' lang='lat' dir='ltr'>pro</span> 
     </span>
     <span class='ocr_line' id='line_1_57' title="bbox 441 2793 1020 2834; baseline 0.003 -10"><span class='ocrx_word' id='word_1_383' title='bbox 441 2795 635 2834; x_wconf 67' lang='lat' dir='ltr'>servitivior,</span> <span class='ocrx_word' id='word_1_384' title='bbox 656 2802 688 2825; x_wconf 79' lang='grc' dir='ltr'>Α.</span> <span class='ocrx_word' id='word_1_385' title='bbox 780 2793 791 2811; x_wconf 76' lang='lat'><strong>⁰</strong></span> <span class='ocrx_word' id='word_1_386' title='bbox 815 2795 891 2834; x_wconf 76' lang='lat' dir='ltr'>dux,</span> <span class='ocrx_word' id='word_1_387' title='bbox 909 2805 968 2825; x_wconf 63' lang='grc' dir='ltr'>θυι.</span> <span class='ocrx_word' id='word_1_388' title='bbox 988 2803 1020 2826; x_wconf 84' lang='grc' dir='ltr'>Α.</span> 
     </span>
    </p>
   </div>
  </div>
 </body>
</html>
