2051 3299
701 204 765 234 DE
796 203 988 236 OFFICIO
1021 202 1174 234 REGIS.
1800 200 1877 237 241

288 309 387 347 vobis
406 323 448 346 ne
466 310 634 346 doceretis
650 310 689 346 z'n
704 310 844 346 nomine
863 310 940 353 zlvto,
963 308 1014 345 ait
1033 308 1085 344 illi
1106 313 1234 356 petrus
1250 312 1287 344 et
1308 305 1421 343 ceteri
1438 304 1599 354 apostoli

283 381 515 429 pertinenter
535 380 586 417 illi
609 378 912 429 responderunt¹
937 378 1089 416 Obedz're
1108 382 1243 426 oportet
1255 376 1333 413 Deo
1349 377 1470 425 magis
1490 388 1601 424 quam

284 451 513 497 homz'nz'bus3
544 450 649 500 quod
677 451 819 488 dictum
844 450 975 487 fuisset
994 449 1101 486 valde
1121 448 1373 497 impertinens
1394 447 1465 484 nisi
1486 458 1605 495 opor-

284 522 416 560 tuisset
454 521 610 559 Petrum
643 527 680 558 et
711 527 859 559 ceteros
893 520 1088 570 apostolos
1122 519 1279 557 obedire
1310 518 1531 555 hominibus
1565 523 1604 554 et

252 603 270 634 5
286 592 495 641 specialiter
514 592 603 641 regi,
627 592 686 629 cui
712 592 883 629 resistere
907 603 986 628 non
1013 589 1242 635 obediendo,
1263 600 1351 626 cum
1377 588 1423 624 sit
1441 587 1602 625 vicarius

284 662 357 709 dei,
378 662 524 700 habens
544 663 592 699 ab
612 674 658 700 eo
677 668 907 711 potestatem
926 667 966 698 ut
987 661 1058 698 sibi
1078 667 1262 709 tanquam
1282 659 1368 696 Deo
1389 658 1600 704 obediatur,

283 732 381 770 foret
415 733 560 782 spiritui
592 739 726 769 sancto
757 733 941 770 resistere.
998 732 1044 768 In
1078 731 1305 769 obediencia
1336 730 1464 779 itaque
1498 729 1603 778 prin-
1616 736 1883 802 ffessetgfflffffi'

1826 779 1837 794 S

282 803 428 852 cipibus
448 803 565 840 seculi
580 809 652 840 stat
671 804 850 840 meritum
878 802 1009 852 prelati
1029 802 1241 851 apostolici,
1262 801 1365 838 unde
1386 799 1604 838 sacerdotes
1615 804 1724 836 obeyed
1737 803 1853 836 Joshua-

66 878 158 921 Josh.
173 878 195 919 i,
208 878 254 918 iii,
282 874 377 923 legis
407 875 541 911 veteris
580 874 808 912 obedierunt
846 874 971 920 Iosue,
1005 880 1045 911 ut
1078 879 1180 922 patet
1209 872 1285 909 Ios.
1321 877 1374 918 10,
1406 878 1461 920 30,
1491 877 1527 908 et
1559 877 1603 917 40

65 934 247 997 §um-xifi-
283 944 366 992 cais,
399 952 437 982 et
466 951 597 982 tamen
628 946 708 995 ipse
743 945 812 983 fuit
842 945 888 982 de
921 945 1022 982 tribu
1056 944 1239 993 Effraym,
1272 948 1313 979 ut
1346 948 1450 992 patet
1483 941 1601 979 Num.

66 1010 97 1040 8.
286 1023 364 1065 130.
423 1016 649 1054 Sacerdotes
679 1023 807 1053 autem
836 1016 932 1065 legis
961 1015 1097 1052 veteris
1126 1014 1250 1063 magis
1280 1013 1521 1050 attenderant
1553 1012 1602 1049 ad

66 1088 109 1119 0.
281 1087 449 1125 honores
481 1087 709 1134 mundanos,
740 1087 808 1124 sed
842 1086 987 1124 Cristus
1021 1086 1090 1123 fuit
1118 1084 1337 1122 humanitus
1380 1083 1600 1121 humilimus
1613 1091 1809 1151 Thiffiy‘the-

1612 1135 1667 1158 pon
1683 1135 1691 1151 l
1715 1135 1727 1151 S
1740 1134 1770 1151 aS
1783 1134 1874 1151 Vlcars

65 1165 162 1240 ἔξω.
179 1165 235 1196 xii.
281 1165 317 1197 et
352 1171 501 1196 summe
532 1158 728 1204 obediens,
762 1165 803 1195 ut
840 1163 945 1207 patet
984 1156 1124 1194 Matth.
1157 1156 1221 1192 xii.
1277 1154 1329 1192 Et
1361 1167 1409 1192 ex
1445 1154 1524 1191 istis
1557 1159 1882 1225 30ffpffils1trligaevrgffethe

280 1230 450 1278 arguitur
479 1230 584 1280 quod
604 1229 814 1279 pontifices,
837 1228 963 1266 vicarii
984 1228 1097 1265 Cristi
1122 1234 1159 1264 et
1183 1226 1460 1275 apostolorum,
1482 1225 1602 1263 debu·
1615 1227 1715 1285 {³15ss²ssss
1718 1232 1758 1285 rtffi
1762 1226 1839 1285 {bey

65 1311 267 1343 F01.171·a.
280 1307 390 1339 erunt
411 1299 430 1320 *
451 1301 605 1339 obedire
633 1300 767 1338 mundi
796 1299 1032 1349 principibus
1061 1305 1098 1336 et
1126 1298 1307 1336 fecerunt.
1363 1292 1884 1353 Debuerunt,gggnggf›andthev

281 1374 320 1411 in
340 1379 528 1422 quantum
548 1371 750 1421 collegium
771 1371 884 1408 Cristi
904 1376 941 1407 et
967 1369 1233 1419 apostolorum
1253 1368 1359 1417 quod
1383 1367 1497 1405 debet
1516 1379 1601 1405 esse

282 1444 478 1493 exemplar
504 1455 637 1480 eorum
667 1442 719 1480 sic
742 1441 891 1487 fecerat,
913 1453 1007 1489 ergo
1036 1440 1159 1477 multo
1186 1439 1311 1488 magis
1335 1438 1385 1475 illi
1412 1438 1477 1487 qui
1498 1450 1604 1475 rece-

280 1521 414 1564 perant
451 1526 474 1551 a
520 1513 654 1550 mundi
695 1513 930 1562 principibus
968 1511 1197 1549 elemosinas
1240 1510 1438 1559 largiores.
1495 1508 1605 1547 Licet

281 1586 387 1623 enim
406 1598 472 1635 per
492 1584 670 1622 accidens
690 1584 797 1633 ipsos
818 1581 1101 1632 imperfeeerint
1120 1582 1161 1618 in
1181 1580 1366 1626 dotando,
1383 1580 1458 1618 hoc
1474 1586 1605 1617 tamen

229 1670 269 1693 20
284 1657 430 1693 videtur
462 1655 607 1693 factum
638 1667 685 1692 ex
714 1655 853 1704 pietate
884 1666 976 1691 ceca
1007 1664 1080 1702 pro
1114 1664 1190 1701 qua
1224 1663 1305 1688 non
1333 1650 1430 1688 foret
1457 1651 1512 1689 eis
1541 1650 1603 1699 lex

281 1727 505 1765 obediencie
535 1725 820 1775 disrumpenda.
875 1723 991 1761 Unde
1025 1724 1210 1760 mirantur
1247 1722 1361 1771 logici
1399 1722 1600 1771 quomodo
1615 1728 1715 1753 Hence
1727 1737 1778 1754 our
1791 1728 1863 1760 logi-

1612 1762 1689 1788 cians
1707 1762 1820 1787 wonder

279 1810 425 1847 pauper
445 1797 746 1835 obedienciarius
767 1795 813 1833 de
833 1801 921 1845 post
941 1793 1102 1832 fetantes
1122 1791 1269 1830 factus2
1297 1805 1400 1842 papa
1419 1793 1478 1829 vel
1497 1792 1597 1841 epis·
1610 1795 1755 1854 ffsssattaffig
1760 1804 1815 1854 Ἓξ
1822 1796 1885 1822 who

279 1880 401 1918 copus
421 1868 642 1905 redderetur
662 1867 753 1904 nulli
773 1865 1014 1904 conversanti
1035 1876 1165 1902 secum
1186 1863 1371 1901 obediens
1391 1870 1597 1913 postquam
1611 1862 1885 1922 {zffiffsd‘gbffdffiffig

280 1939 485 1977 inmediate
508 1945 595 1976 ante
615 1938 788 1976 habuerit
800 1937 975 1973 virtutem
995 1935 1220 1973 obediencie
1239 1935 1489 1972 inclinantem
1511 1946 1598 1972 eum
1611 1939 1694 1962 P0Pe·

228 2019 266 2051 25
281 2017 321 2048 ut
351 2011 504 2048 obediat
533 2010 759 2059 cuicunque.
816 2007 918 2045 Cum
951 2007 1054 2044 enim
1084 2012 1214 2043 manet
1248 2006 1385 2043 eadem
1415 2006 1533 2043 virtus
1565 2011 1604 2042 et

278 2081 379 2119 idem
391 2081 404 2101 ³
424 2093 572 2119 summe
591 2080 775 2118 obediens
795 2078 1009 2116 secundum
1028 2076 1275 2127 prudenciam
1289 2088 1398 2114 suam
1413 2076 1602 2114 inclinans

278 2153 451 2190 virtutem
478 2164 526 2189 ex
550 2151 685 2189 maiori
714 2150 852 2200 gracia,
872 2149 1016 2186 videtur
1036 2148 1142 2198 quod
1161 2148 1389 2185 obediencia
1408 2147 1470 2184 illa
1492 2147 1597 2184 incli-
1613 2149 1882 2209 {grsslg'rffiiffiifflt

278 2223 386 2260 nabit
422 2222 471 2260 ad
508 2222 625 2260 lacius
663 2222 722 2259 vel
760 2220 944 2257 intensius
981 2219 1251 2263 obediendum,
1284 2230 1374 2255 cum
1411 2217 1485 2255 hoc
1522 2230 1602 2255 non
1614 2217 1682 2243 than
1695 2226 1769 2245 ever·

279 2299 467 2343 repugnat
487 2293 598 2330 statui
611 2292 680 2330 sed
699 2291 854 2329 decorat
866 2291 890 2327 4.
949 2289 1209 2327 Confirmatur
1228 2288 1363 2338 triplici
1383 2288 1603 2325 testimonio

227 2379 268 2410 30
281 2364 500 2413 exemplari,
529 2364 653 2412 primo
691 2375 738 2400 ex
778 2362 878 2399 dicto
917 2361 955 2397 in
996 2359 1154 2397 Summa
1192 2371 1440 2403 summarum,
1473 2359 1512 2395 in
1546 2358 1606 2395 De

280 2436 486 2473 maz‘orz’lale
530 2438 564 2471 et
602 2434 801 2471 obediencia
843 2432 883 2468 in
912 2431 1000 2477 fine,
1027 2430 1093 2467 ubi
1136 2430 1206 2467 sub
1243 2429 1466 2466 auctoritate
1504 2430 1605 2466 beati

62 2506 192 2538 Decret.
282 2505 458 2554 Gregorii
487 2505 640 2556 ponitur
668 2515 745 2540 una
773 2502 918 2540 subtilis
952 2500 1148 2539 conclusio
1177 2507 1214 2537 et
1241 2500 1355 2549 plene
1384 2500 1604 2537 instructiva
1617 2500 1885 2560 {gffig-Gffiggss

1733 2554 1740 2566 ‚

67 2550 140 2581 le.
159 2557 181 2580 1.
200 2549 268 2580 Tlt.
1570 2583 1604 2606 a·
1618 2568 1749 2594 obedient
1761 2568 1798 2594 all

62 2593 172 2624 xxxiii,
187 2592 245 2634 ref
280 2574 452 2614 ecclesie.
504 2574 697 2619 obedienti,
713 2573 845 2622 inquit,
866 2573 987 2610 omnia
1018 2571 1193 2616 obediunt,
1210 2574 1353 2607 creator
1371 2574 1405 2606 el
1421 2574 1568 2606 creatur
1617 2601 1712 2633 things
1724 2611 1771 2627 are
1784 2601 1849 2628 obe-

63 2637 178 2711 degt·
280 2647 330 2686 Et
349 2652 474 2696 potest
492 2645 562 2683 ista
590 2644 750 2683 salubris
780 2643 979 2681 conclusio
1003 2641 1021 2661 *
1044 2641 1298 2680 demonstrari
1322 2653 1370 2678 ex
1391 2641 1465 2678 fide
1486 2641 1605 2689 scrip-
1617 2635 1715 2662 dient.’

324 2733 335 2751 1
358 2732 589 2774 responderent
605 2731 655 2762 illi
668 2734 729 2771 pro
744 2730 795 2761 illi
810 2729 1056 2771 responderunt,
1072 2735 1105 2760 A.
1195 2726 1206 2743 ²
1228 2727 1349 2758 fructus
1358 2731 1423 2768 pro
1438 2727 1551 2766 faetus,
1569 2735 1606 2762 Α.

283 2784 294 2801 ³
318 2784 501 2815 subiectum
512 2787 587 2825 post
602 2783 702 2822 idem,
719 2783 755 2813 in
773 2792 878 2822 marg.
896 2780 968 2812 add.
987 2788 1022 2812 A.
1110 2779 1122 2796 ⁴
1146 2778 1271 2816 deceat,
1288 2786 1323 2810 A.

929 2849 953 2873 R
