2051 3299
678 256 744 287 DE
776 254 971 287 OFFrcro
1003 253 1159 286 REGIS.
1818 248 1873 291 47

42 367 74 399 S.
99 366 251 403 Bemard‚
263 359 407 399 hardus
422 360 520 398 libro
535 361 581 397 ii0
595 360 644 398 ad
659 360 878 410 Eugenium
894 373 902 398 ε
919 358 1044 397 Simia
1054 358 1066 380 ¹
1086 360 1126 395 in
1139 363 1234 405 tecto,
1250 371 1323 396 rex
1321 359 1465 409 fatuus
1476 357 1598 394 sedens
1610 364 1770 431 3531}le
1775 364 1879 431 issffigs

40 410 241 485 {SJansgd
264 435 304 471 in
322 434 421 471 solio.
479 432 643 482 Oportet
673 439 803 469 autem
834 431 1077 469 considerare
1108 430 1344 468 intellectum
1376 429 1477 478 regis
1509 429 1597 466 etati
1609 433 1729 492 {gf-²313&
1742 437 1791 458 not

0 508 1 513 ’
41 497 96 528 Vfi·
115 504 166 537 Ι5·
263 504 377 542 statui
391 509 428 541 et
448 503 530 540 aliis
549 503 649 552 regis
670 502 971 540 circumstanciis
991 501 1256 551 pertinentem,
1276 500 1366 550 quia
1386 500 1596 537 multorum

262 573 562 612 extraordinaria
582 573 723 611 noticia
743 579 799 610 est
819 573 933 610 statui
953 572 1051 621 regis
1071 571 1332 621 impertinens.
1362 571 1459 609 Ideo
1478 571 1596 608 tercio

40 650 92 681 Ps.
109 648 170 680 cxi.
190 657 239 680 10.
263 644 500 694 specificatur
529 644 597 682 sed
634 643 794 682 confuse
824 643 925 692 regis
957 642 1125 680 officium
1164 653 1254 679 cum
1280 642 1415 679 dicitur
1454 641 1597 679 Servite
1608 645 1663 678 (iii)
1677 645 1724 671 He
1738 650 1812 671 must

1610 683 1701 705 ‘serve
1716 679 1763 704 the
1776 679 1851 705 Lord

261 714 424 752 Domino
447 717 486 752 in
512 717 641 752 timore
660 720 695 752 et
709 716 872 752 exultate
890 716 925 751 ei
940 726 1021 751 cum
1040 719 1202 751 tremore.
1263 713 1302 751 Si
1318 713 1422 750 enim
1442 713 1593 750 inicium
1609 712 1638 751 ΞΠ
1652 713 1730 743 sear!
1744 713 1787 738 s0r
1798 713 1858 738 sear

1609 755 1632 772 15
1645 746 1692 771 the
1705 746 1740 771 be
1762 745 1839 772 innin

261 787 439 834 sapiencie
458 787 568 823 timor
582 785 745 823 Domini
758 791 862 834 patet
883 784 987 835 quod
1008 785 1143 823 semita
1158 784 1406 822 introducens
1427 784 1476 821 ad
1496 785 1596 832 regis
1608 755 1784 806 0fwi⁵d0¹g¹²²
1842 754 1861 779 g

262 857 496 905 sapienciam
512 862 568 893 est
582 857 721 893 servire
735 855 898 893 Domino
918 857 957 893 in
976 857 1113 893 timore.
1163 856 1236 893 Per
1251 856 1325 894 hoc
1339 855 1442 893 enirn
1455 855 1597 893 tollitur

261 934 436 977 patenter
449 926 463 946 ²
482 927 661 976 superbia
680 939 748 976 per
778 939 897 977 quam
924 932 1167 976 apostotatur
1181 926 1194 946 ³
1217 940 1240 965 a
1260 927 1435 966 Domino
1460 933 1498 964 et
1511 928 1523 946 4
1547 939 1596 965 ne

209 1002 249 1025 10
262 1009 407 1035 nomen
445 997 635 1035 servitutis
668 1009 800 1047 regem
834 997 1024 1046 deprimat
1057 998 1184 1034 statim
1216 998 1383 1036 mixtura
1417 996 1598 1048 prudenti

0 1053 1 1057 Ἰ
39 1067 81 1097 B.
262 1080 373 1117 reges
389 1067 597 1117 exhylarat‚
612 1067 704 1105 dum
725 1068 920 1116 subiungit
939 1072 972 1105 et
986 1068 1150 1105 exultate
1161 1069 1285 1105 eicum
1299 1073 1462 1107 tremore.
1493 1069 1595 1107 Cum
1608 1076 1683 1136 iffi?
1692 1076 1843 1137 Irffssliegith

260 1140 364 1177 enim
398 1139 526 1178 omnis
554 1145 777 1188 potentatus
811 1144 985 1176 terrenus
1004 1139 1197 1176 infinitum
1228 1151 1250 1176 a
1277 1139 1351 1178 deo
1382 1141 1593 1188 exceditur,
1608 1144 1781 1177 trembling·'

256 1222 330 1248 nec
361 1215 488 1259 potest
518 1209 634 1259 digne
663 1209 805 1247 habere
833 1220 980 1246 nomen
1004 1209 1102 1247 illius
1129 1210 1242 1247 officii
1269 1210 1342 1248 nisi
1367 1211 1414 1249 de
1446 1220 1593 1262 quanto

258 1279 450 1317 humiliter
479 1279 591 1318 servit
611 1279 696 1325 deo,
716 1285 821 1329 patet
841 1279 946 1329 quod
966 1280 1038 1318 sibi
1067 1281 1206 1317 servire
1227 1292 1308 1318 non
1328 1288 1385 1319 est
1416 1283 1594 1321 condicio

210 1361 248 1394 15
261 1350 488 1389 verecundie
517 1350 587 1388 sed
612 1350 780 1390 honoris.
836 1351 932 1391 Ideo
962 1353 1054 1391 dicit
1079 1353 1321 1402 Augustinus
1348 1353 1456 1403 quod
1480 1354 1596 1392 timor
1610 1362 1637 1389 S.
1653 1363 1814 1396 Augustine

1607 1405 1620 1421 S
1757 1419 1762 1423 .

255 1421 341 1459 talis
369 1432 451 1458 non
479 1427 536 1459 est
562 1421 717 1471 signum
742 1423 896 1461 miserie
926 1424 994 1461 sed
1022 1424 1163 1473 gaudii.
1223 1424 1299 1461 Sed
1330 1437 1379 1462 ne
1409 1425 1593 1473 gaudium
1607 1397 1877 1464 ῑῗίγεείῗῖἓῖἒςὲεῗῗ

1606 1464 1639 1489 of
1648 1473 1752 1490 sorrow
1765 1464 1816 1490 but
1830 1466 1863 1491 of

257 1491 297 1528 in
313 1491 615 1530 dissolucionem
632 1493 774 1531 ebuliat
790 1494 963 1532 subditur
978 1508 1059 1532 cum
1080 1499 1242 1532 tremore.
1283 1495 1353 1532 Ille
1370 1496 1474 1532 enim
1494 1496 1592 1533 bene
1602 1497 1664 1535 JIOY-
1701 1498 1756 1523 Yet
1769 1497 1826 1524 this

1603 1539 1656 1562 Joy
1671 1537 1746 1557 must
1760 1531 1795 1557 be

257 1562 384 1599 tremit
404 1562 454 1599 ad
474 1563 634 1600 verbum
663 1564 811 1602 domini
831 1565 897 1613 qui
917 1565 1054 1603 timore
1075 1565 1178 1603 filiali
1207 1565 1367 1603 alternat
1386 1566 1427 1602 in
1448 1566 1594 1615 cogita·
1606 1564 1849 1631 ζξξξὶξῐξῐξιξῇᾗέ

39 1634 78 1663 11
94 1641 124 1665 c.
263 1633 375 1671 cione
390 1633 513 1671 laudis
533 1634 658 1672 divine
679 1635 738 1673 vel
757 1637 1066 1674 conversacionis
1087 1637 1249 1686 duplicis
1271 1636 1289 1657 *
1312 1637 1399 1675 vite.
1431 1637 1595 1687 Oportet

210 1711 251 1733 20
263 1703 367 1740 enim
393 1704 581 1742 viatores⁵
608 1717 712 1743 nunc
738 1706 813 1744 vite
833 1707 954 1744 active
982 1707 1193 1754 intendere,
1222 1715 1260 1746 et
1285 1721 1388 1746 nunc
1409 1708 1458 1746 ad
1477 1709 1594 1747 vitam

261 1774 602 1824 contemplativam
639 1782 811 1814 mentem
858 1789 969 1815 suam
1017 1778 1232 1816 alternatim
1279 1779 1487 1818 reflectere.
1542 1780 1593 1817 Et

39 1841 138 1872 Deut.
155 1841 231 1872 xvii.
260 1850 366 1893 patet
385 1845 586 1883 conclusio
606 1846 790 1895 scripture
821 1847 1117 1887 deuteronomio
1142 1850 1239 1887 xviio
1265 1850 1330 1887 ubi
1361 1851 1416 1889 sic
1446 1851 1815 1897 dicitur,Theteaching
1830 1864 1863 1890 of

42 1893 82 1926 ¹4
96 1894 158 1926 seq.
265 1914 360 1952 Cum
381 1916 570 1964 ingressus
582 1916 719 1964 fueris
744 1922 895 1965 terram,
917 1931 1027 1967 quam
1047 1918 1237 1957 Dominus
1255 1920 1360 1958 Deus
1379 1926 1464 1959 tuus
1493 1921 1597 1959 dabit
1605 1897 1729 1957 ssgnpld
1741 1897 1840 1923 Testa-

259 1986 337 2031 tibi,
365 1990 399 2022 et
414 1987 618 2035 possederis
637 1987 930 2037 habitaverisque
949 1991 988 2027 in
1010 1991 1077 2027 illa
1097 1996 1132 2028 et
1154 1992 1329 2029 dixeris:
1362 1992 1592 2030 Constituam

210 2065 249 2098 25
262 2065 367 2106 super
395 2069 449 2093 me
474 2070 591 2106 regem
619 2059 717 2095 sicut
745 2059 880 2096 habent
906 2073 1025 2097 omnes
1054 2063 1092 2098 in
1122 2063 1283 2099 circuitu
1311 2065 1484 2109 nationes,
1513 2077 1592 2101 eum

257 2128 448 2164 constitues
458 2140 560 2176 quem
573 2127 759 2166 Dominus
770 2128 874 2166 Deus
886 2134 970 2168 tuus
982 2133 1130 2180 elegerit
1124 2134 1307 2182 fratrum
1320 2139 1479 2172 tuorum.
1503 2134 1593 2173 Non

247 2198 391 2245 poteris
419 2198 573 2235 alterius
594 2200 716 2247 gentzs
745 2212 862 2249 regem
880 2201 1026 2250 facere,
1058 2205 1128 2251 qui
1154 2217 1226 2241 non
1259 2206 1311 2241 sit
1323 2205 1463 2254 frater
1495 2210 1592 2243 tuus.

260 2266 424 2316 Cumque
421 2269 556 2318 fuerit
564 2271 787 2316 constitutus,
803 2285 874 2309 non
891 2274 1150 2322 multiplicabit
1160 2276 1237 2313 sibi
1245 2288 1359 2324 equos,
1375 2289 1438 2313 nec
1450 2278 1596 2315 reducet

251 2338 431 2386 populum
444 2339 483 2375 in
498 2338 692 2388 Egiptum,
709 2343 888 2390 equitatus
903 2356 1054 2381 numero
1068 2345 1285 2392 sublevatus,
1298 2349 1493 2396 presertim
1509 2361 1591 2385 cum

210 2410 251 2442 30
266 2407 451 2446 Dominus
455 2412 619 2458 precepit
634 2412 734 2448 vobis
744 2412 767 2458 ⁶,
785 2417 828 2449 ut
839 2426 1065 2462 nequaquam
1082 2417 1240 2464 amplius
1249 2423 1322 2465 per
1332 2419 1479 2455 eandem
1492 2420 1593 2456 viam

260 2480 511 2516 revertamini.
555 2479 646 2517 Non
658 2481 802 2520 habebit
810 2496 948 2521 uxores
953 2485 1156 2533 plurimas,
1172 2499 1238 2535 que
1251 2488 1417 2525 illiceant
1427 2490 1593 2527 animam

259 2549 348 2594 eius,
364 2562 473 2598 neque
485 2551 499 2571 ⁷
518 2553 673 2599 argenti
686 2557 721 2589 et
735 2555 829 2591 auri
843 2555 1020 2592 immensa
1029 2557 1203 2605 pondera.
1250 2558 1454 2608 Postquam
1473 2566 1592 2598 autem

260 2619 394 2656 sederit
406 2621 446 2656 in
457 2621 547 2657 solio
559 2623 672 2670 regni
681 2624 752 2670 sui,
765 2624 941 2662 describet
952 2625 1029 2662 sibi
1038 2625 1362 2666 Deuteronomium
1375 2631 1465 2678 legis
1479 2631 1593 2669 lzuius

261 2690 301 2725 in
330 2690 523 2736 volumine,
554 2693 733 2741 accipiens
762 2696 955 2743 exemplar
984 2709 1007 2733 a
1030 2699 1274 2736 sacerdotibus
1304 2700 1441 2737 levitice
1470 2702 1591 2740 tribus

307 2772 318 2790 ¹
341 2773 441 2813 Sime,
456 2783 499 2814 Α;
523 2775 642 2817 Simea‚
659 2786 691 2809 Β.
751 2779 764 2796 ²
786 2784 946 2821 potenter,
964 2789 997 2812 A.
1058 2783 1069 2801 ³
1093 2789 1269 2825 apostotat,
1286 2794 1320 2818 A.
1378 2787 1389 2804 4
1412 2792 1455 2827 et,
1479 2799 1539 2820 om.
1559 2797 1589 2819 Β.

263 2823 274 2841 ⁵
298 2835 383 2857 nunc
399 2826 549 2867 viatores,
568 2836 597 2858 Β.
686 2830 698 2848 ⁶
721 2841 779 2862 vos
795 2836 861 2872 pro
876 2833 982 2873 vobis,
999 2842 1033 2864 A.
1124 2834 1135 2851 ⁷
1158 2846 1229 2876 nec,
1249 2845 1282 2867 A.
