2051 3299
704 230 769 263 DE
803 230 995 264 OFFICIO
1030 230 1184 264 REGIS.
1810 232 1894 276 245

282 335 465 386 regimen,
486 346 529 374 ac
555 342 726 386 potestas
751 336 952 375 ordinandi
978 336 1073 374 tales
1102 343 1275 386 pastores
1305 343 1361 374 est
1389 347 1509 374 unurr.
1541 337 1611 375 sibi

284 407 541 445 necessarium
562 407 611 444 ad
632 408 689 445 sui
710 408 818 457 regni
833 407 1150 456 gubernaculum,
1166 413 1271 456 patet
1291 419 1409 456 quam
1429 408 1614 457 sacrilega

283 477 380 515 foret
400 478 651 526 pseudocristi
672 479 867 516 sentencia
887 488 961 527 que
982 478 1107 515 verbis
1127 477 1186 514 vel
1206 477 1313 515 factis
1339 477 1552 527 sophisticis
1573 479 1612 515 in

66 554 106 584 ¹1¹.
282 547 357 585 hoc
389 548 638 597 suspenderet
667 549 725 586 vel
760 549 988 586 diminueret
1022 549 1167 597 regiam
1205 554 1447 598 potestatem.
1505 548 1611 597 Papa
1623 558 1771 592 The'pope
1793 559 1895 585 should

1624 593 1741 619 instruct
1755 594 1802 618 the
1812 593 1895 626 kings

252 635 270 668 5
284 631 376 669 ergo
403 619 515 656 debet
540 630 651 669 reges
677 620 862 657 instruere
882 620 1082 669 quomodo
1109 619 1251 657 debent
1271 620 1320 657 ad
1340 619 1530 657 honorem
1551 619 1611 656 dei
1624 627 1894 692 ggxetrotiffittiigishe

282 696 318 727 et
351 690 641 728 edificacionem
674 690 832 728 ecclesie
862 691 915 727 uti
946 690 1168 727 huiusmodi
1202 696 1412 740 potestate;
1442 689 1547 739 quod
1581 689 1612 726 si
1624 695 1844 759 {gffffgvfflg}
1846 726 1896 760 ing

282 761 422 798 nitatur
441 767 672 810 potestatem
692 761 796 798 illam
816 768 896 798 tam
918 771 1068 798 sacram
1089 773 1111 798 a
1123 760 1210 798 Deo
1228 760 1468 809 singulariter
1483 760 1612 797 datam
1624 761 1894 821 {ZOXffiitcffg-g‘thim

282 830 456 880 diripere,
495 842 562 869 rex
597 843 685 869 cum
717 838 831 881 gente
861 844 930 869 sua
959 831 1074 869 debet
1104 832 1175 869 sibi
1204 832 1381 868 resistere
1413 838 1614 880 tamquam

65 908 162 941 Matt.
182 910 268 941 xxiv.
281 901 451 950 pessimo
484 903 679 940 anticristo
711 903 759 940 de
789 914 869 951 quo
900 902 1038 940 veritas
1068 902 1308 951 prophetavit
1343 901 1481 939 Matth.
1514 902 1614 939 xxiv.

67 962 118 993 ²4·
282 971 428 1009 Cristus
449 973 553 1009 enim
577 973 792 1010 secundum
821 973 1002 1011 deitatem
1017 971 1029 991 ¹
1051 972 1155 1010 dedit
1176 973 1255 1022 regi
1274 973 1414 1010 vicario
1435 984 1504 1010 suo
1523 973 1616 1010 illud

280 1043 449 1080 officium
465 1050 672 1093 antequam
687 1044 755 1081 fuit
770 1055 930 1082 romana
946 1044 1117 1082 ecclesia.
1176 1043 1267 1089 Qua
1282 1055 1374 1092 ergo
1391 1043 1617 1081 auctoritate

280 1114 519 1152 subtraheret
545 1127 568 1151 a
596 1127 686 1164 rege
715 1121 795 1152 tam
824 1115 884 1152 dei
912 1114 1098 1164 populum
1127 1127 1245 1164 quam
1275 1115 1399 1152 eciam
1428 1114 1616 1163 populum

279 1185 454 1223 civilem?
511 1184 615 1222 Nam
647 1185 802 1223 aliunde
834 1186 1016 1223 limitatur
1047 1186 1096 1223 ad
1129 1186 1288 1235 plenum
1323 1186 1403 1223 eius
1435 1186 1616 1223 officium.

279 1255 395 1293 Unde
424 1262 467 1293 2a
492 1256 690 1294 conclusio
717 1256 888 1306 predicta
920 1257 974 1295 sic
1004 1257 1168 1295 consulit
1200 1256 1307 1307 quod
1334 1257 1498 1294 omnino
1526 1269 1614 1306 pro-
1627 1259 1670 1292 (ii)
1685 1259 1784 1285 Hence
1798 1267 1846 1291 my

1628 1293 1731 1319 second
1745 1292 1858 1318 counsel
1871 1299 1880 1324 ζ

229 1339 267 1372 15
281 1327 452 1364 videatur
493 1327 541 1365 de
578 1328 798 1377 pastoribus
837 1328 991 1378 privatis
1028 1328 1192 1378 ydoneis
1230 1340 1397 1378 quorum
1428 1339 1544 1365 voces
1578 1334 1615 1364 et
1628 1327 1851 1392 gffiffdpgsstgssg-

281 1408 403 1447 opera
426 1399 633 1447 pastoralia
660 1410 752 1436 oves
781 1405 1020 1448 cognoscant
1046 1399 1226 1449 practice,
1247 1405 1284 1436 et
1309 1398 1416 1448 quod
1441 1405 1615 1448 pastores
1627 1393 1896 1460 {ssgssfflffffissmhffi’

1626 1462 1790 1493 forergners,
1805 1460 1877 1486 fear-

280 1468 495 1518 specialiter
514 1469 725 1518 alienigene
753 1470 993 1507 condicionis
1016 1470 1205 1508 contrarie
1231 1470 1366 1507 timore
1389 1470 1711 1527 excomuni-lessly
1721 1494 1862 1527 expelled-

279 1540 447 1577 cacionis
477 1538 722 1590 postposito2
750 1540 1010 1579 detrudantur.
1067 1540 1207 1578 Tereia
1238 1540 1435 1578 conclusio
1468 1540 1607 1578 seriose
1621 1544 1674 1583 (iij)
1687 1544 1816 1576 Third1y‚
1831 1544 1881 1571 the

1623 1579 1680 1604 Km
1714 1579 1816 1604 should

281 1611 447 1649 consulit
462 1611 567 1660 quod
586 1623 651 1648 rex
671 1610 917 1650 conformiter
937 1612 987 1649 ad
1006 1611 1110 1661 leges
1130 1612 1302 1659 ecclesie,
1318 1623 1435 1661 quam
1456 1617 1608 1649 tenetur
1620 1588 1706 1638 fostegr
1719 1613 1766 1637 the
1779 1612 1857 1638 theo·

230 1697 270 1719 20
282 1682 322 1719 in
344 1682 420 1720 suis
439 1681 586 1731 legibus
606 1694 653 1719 ex
674 1682 858 1720 mandato
879 1694 949 1720 suo
971 1682 1186 1729 defendere,
1203 1683 1412 1732 amplificet
1431 1689 1467 1720 et
1487 1646 1723 1720 foveatloglcal
1735 1646 1853 1678 faculty.

281 1752 538 1802 theologicam
576 1753 810 1791 facultatem.
868 1752 1239 1803 Quomodocunque
1279 1761 1407 1791 autem
1445 1753 1615 1803 pseudo-

281 1824 415 1861 cristus
435 1836 524 1861 cum
545 1824 728 1862 membris
752 1831 789 1862 et
812 1824 1088 1862 tradicionibus
1113 1825 1191 1862 suis
1217 1825 1412 1874 regarriat,
1433 1824 1615 1862 execucio

280 1894 388 1932 istius
403 1895 598 1932 sentencie
615 1895 830 1933 secundum
844 1895 949 1944 leges
965 1895 1025 1932 dei
1040 1907 1084 1932 ac
1097 1895 1257 1933 ecclesie
1274 1895 1528 1934 substernitur
1541 1895 1614 1933 sub

276 1977 383 2014 pena
405 1966 629 2014 gravissima
648 1966 750 2015 regie
765 1967 957 2016 potestati.
1015 1965 1125 2013 Quis,
1147 1967 1318 2016 inquam,
1335 1967 1484 2016 fugaret
1504 1966 1617 2016 lupos

231 2051 268 2083 25
283 2043 319 2074 et
339 2037 629 2086 pseudocristos
650 2038 697 2075 de
718 2049 841 2087 regno
862 2038 892 2075 si
912 2049 994 2075 non
1014 2044 1186 2088 potestas
1206 2039 1312 2088 regia
1332 2038 1381 2076 ad
1400 2038 1475 2077 hoc
1496 2038 1596 2076 data.

735 2182 1064 2220 CAPITULUM
1095 2183 1165 2221 XI.

338 2269 493 2308 TERcro
512 2270 769 2320 principaliter
789 2271 958 2320 arguitur
976 2277 1110 2309 contra
1131 2271 1232 2308 dicta
1248 2271 1295 2309 de
1311 2283 1410 2320 rege.
1451 2270 1615 2308 Videtur
1628 2275 1810 2314 Third,main

1627 2310 1778 2335 ob'ection.

282 2341 386 2378 enim
414 2341 521 2390 quod
549 2341 718 2379 officium
745 2342 845 2391 regis
877 2342 924 2379 sit
952 2354 1126 2391 pugnare
1160 2342 1312 2380 viriliter
1342 2342 1612 2380 monarchiam
1626 2319 1687 2381 Tffe
1699 2343 1800 2376 King’ff
1818 2343 1897 2369 Office

284 2418 321 2450 et
341 2411 444 2450 aliud
464 2411 679 2449 dominium
699 2412 771 2450 sibi
791 2412 963 2450 debiturn
991 2413 1268 2463 conquirendo,
1291 2419 1328 2450 et
1356 2425 1445 2451 cum
1466 2425 1546 2451 non
1567 2377 1861 2472 sit}}1{fi'ufiegl¹1toffili

229 2498 270 2530 30
283 2482 407 2520 maior
419 2482 522 2520 racio
542 2495 661 2532 quare
681 2495 759 2520 una
778 2495 946 2533 persona
965 2483 1061 2521 foret
1075 2483 1286 2521 monarcha
1302 2484 1425 2521 tocius
1441 2484 1615 2522 habitalis

283 2565 402 2603 quam
433 2553 592 2604 quilibet
623 2553 728 2591 illam
756 2560 882 2603 potest
911 2554 1121 2604 adquirere,
1146 2554 1295 2592 videtur
1323 2555 1429 2604 quod
1458 2555 1617 2605 quilibet

283 2624 475 2661 sufficiens
506 2637 575 2674 per
604 2625 679 2662 hoc
707 2631 897 2674 pugnaret
928 2637 1017 2662 cum
1046 2625 1215 2675 quolibet
1243 2626 1443 2663 resistente
1457 2626 1481 2663 3.
1553 2626 1616 2664 Sic

282 2694 387 2732 enim
408 2695 568 2733 stabilite
582 2695 595 2715 4
616 2702 705 2733 sunt
731 2702 767 2733 et
794 2696 939 2745 perdite
960 2702 1138 2746 quattuor
1163 2695 1389 2734 monarchie
1410 2696 1457 2734 de
1477 2697 1617 2747 quibus

326 2780 339 2798 ¹
363 2781 530 2813 veritatem
546 2787 611 2824 pro
627 2782 795 2821 deitatem,
812 2791 845 2813 A.
958 2782 970 2800 ²
993 2783 1186 2825 postposite,
1205 2791 1238 2815 A.
1362 2783 1373 2801 ³
1397 2783 1542 2816 resistere
1550 2788 1616 2825 pro

284 2832 462 2874 resistente,
479 2842 514 2866 A.
597 2834 609 2852 4
633 2833 820 2873 stabilitate,
840 2843 873 2865 A.
