2051 3299
681 235 745 266 DE
779 234 971 267 OFFICIO
1006 233 1159 265 REGIS.
1805 235 1855 277 31

257 344 308 382 Et
332 343 441 393 ponit
467 341 688 390 exemplum
715 340 762 377 de
787 341 955 377 vestibus
984 351 1058 389 que
1085 339 1225 376 debent
1244 350 1328 376 esse
1348 340 1387 375 in
1407 338 1580 388 personis

258 414 528 463 superioribus,
550 418 591 449 ut
610 411 915 460 Imperatoribus
936 422 980 447 ac
1004 409 1263 456 Senatoribus,
1287 410 1521 456 mundiores,
1544 416 1582 446 et

257 482 602 532 correspondenter
622 482 660 518 in
675 481 857 518 ministris
870 493 1002 518 eorum
1020 480 1159 517 debent
1175 492 1258 518 esse
1275 488 1430 518 ornatus
1447 492 1582 517 secun-

257 554 350 591 dum
370 554 522 590 ordines
543 552 765 601 pulcriores.
821 550 917 596 822¹,
934 551 1068 599 inquit,
1087 551 1281 587 Anlz'stz'les
1301 552 1360 588 dei
1375 552 1497 588 debent
1513 564 1584 588 esse

223 630 240 662 5
246 625 421 673 puriores
444 636 553 671 quam
582 624 697 668 ceteri,
720 622 810 670 quia
840 621 963 659 Crz‘stz‘
982 622 1088 658 habet
1104 628 1315 669 personam,
1335 627 1368 658 el
1395 623 1584 659 ministros

257 696 317 732 dez·
342 695 549 731 mundiores
576 706 645 729 esse
673 696 813 741 oportet.
871 692 978 729 Deus
1008 700 1148 739 autem,
1177 692 1241 740 qui
1268 692 1332 729 lux
1362 700 1399 730 et
1429 693 1583 741 spiritus

257 772 324 811 est,
351 765 544 801 ministros
576 764 734 813 requirit
767 763 853 812 plus
884 763 1106 812 splendidos
1140 763 1179 799 in
1214 763 1344 812 spiritu
1374 770 1410 800 et
1437 764 1581 801 virtute.

257 836 360 874 Nam
381 835 520 873 terreni
540 835 718 872 homines
739 847 830 883 sepe
851 834 936 883 plus
957 840 1142 883 appetunt
1168 834 1421 872 ministerium
1443 848 1582 884 pecca-

256 914 385 945 torum
423 917 540 955 quam
577 905 843 951 virtuosorum,
878 904 945 942 sed
983 904 1077 942 deus
1116 906 1288 954 quamvis
1323 918 1345 943 a
1378 907 1584 944 tenebratis

204 992 243 1015 10
257 984 415 1027 peccato
435 976 589 1026 requirit
612 976 850 1013 ministerum
870 976 1058 1025 paciendi,
1080 982 1210 1013 tamen
1231 977 1339 1014 accio
1368 989 1503 1015 eorum
1523 984 1582 1015 est

257 1049 331 1086 deo
378 1046 671 1085 abhominabilis
718 1059 788 1095 pro
834 1052 1005 1095 peccato.
1076 1046 1123 1083 In
1161 1047 1221 1084 via
1259 1053 1388 1084 autern
1426 1049 1584 1097 requirit

257 1120 451 1157 ministros
485 1117 653 1155 mundos
691 1124 890 1167 tamquam
930 1117 1088 1155 lucerna
1122 1118 1259 1156 ardens
1293 1125 1330 1156 et
1363 1119 1506 1166 lucens,
1543 1127 1585 1158 ut

257 1190 403 1228 Cristus
423 1189 556 1250 asserit
571 1188 618 1225 de
633 1187 809 1237 baptista,
828 1189 919 1237 quia
933 1194 1082 1237 oportet
1098 1189 1203 1238 quod
1220 1188 1359 1227 habeat
1372 1190 1586 1228 secundum

255 1260 418 1310 gradum
453 1271 564 1297 suum
602 1259 796 1296 caritatem
831 1266 868 1296 et
902 1259 1071 1309 graciam
1109 1259 1196 1297 licet
1233 1261 1501 1298 remissibilem
1536 1263 1586 1300 ab

202 1345 241 1377 15
256 1331 472 1369 extrinseco
509 1329 755 1367 venientem2.
814 1329 860 1366 In
898 1330 1021 1378 patria
1058 1342 1160 1376 vero,
1201 1330 1266 1367 ubi
1301 1333 1476 1370 membra
1515 1345 1584 1371 sua

256 1402 394 1438 uniens
415 1400 659 1450 corporaliter
679 1406 716 1437 et
735 1400 1036 1448 inseparabiliter
1055 1400 1109 1438 eis
1130 1400 1305 1447 illabitur,
1323 1402 1438 1440 habet
1459 1404 1587 1442 bonos

255 1471 426 1510 lucentes
455 1478 495 1508 ut
521 1471 648 1508 stellas
676 1470 716 1507 in
746 1470 822 1508 suis
851 1470 1045 1519 gradibus,
1077 1471 1144 1508 sed
1170 1471 1445 1511 humanitatem
1476 1474 1591 1512 Cristi

255 1549 297 1580 ut
318 1541 440 1579 solem
466 1541 513 1579 de
544 1541 652 1579 cuius
681 1541 775 1578 lucis
805 1541 1040 1590 plenitudine
1071 1542 1202 1579 omnia
1230 1544 1406 1581 membra
1431 1544 1589 1584 ecclesie

40 1609 86 1640 Κ·
256 1612 501 1661 splendorem
528 1611 672 1648 virtutis
702 1611 904 1660 accipiunt.
961 1611 1011 1648 Et
1031 1611 1129 1658 ideo,
1150 1619 1191 1649 ut
1212 1612 1290 1649 dixi
1311 1613 1413 1659 alias,
1436 1615 1465 1652 si
1485 1628 1589 1665 papa

204 1695 244 1718 20
257 1682 433 1720 vendicat
452 1694 536 1719 esse
557 1681 613 1719 sol
634 1681 794 1719 ecclesie
824 1688 975 1730 oportet
995 1682 1101 1731 quod
1119 1682 1230 1720 faciat
1253 1685 1588 1733 proporcionabile

259 1754 350 1791 solis
377 1753 557 1798 officium,
582 1752 847 1790 conversando
875 1753 1016 1790 scilicet
1037 1753 1076 1790 in
1096 1754 1310 1800 celestibus,
1331 1758 1588 1804 preservando

258 1837 297 1862 se
318 1825 368 1862 ab
394 1823 620 1861 inmixtione
648 1835 737 1861 cum
766 1824 1016 1870 terrestribus,
1040 1823 1350 1864 circumrotando
1376 1827 1416 1864 in
1446 1828 1590 1866 circulo

259 1906 367 1944 spere
397 1893 638 1943 intelligibilis
673 1899 709 1930 et
743 1893 995 1931 illuminando
1030 1907 1074 1932 ac
1108 1895 1338 1934 vivificando
1370 1899 1589 1947 subiect0s;

260 1966 350 2015 quia
370 1965 451 2002 sole
471 1964 534 2002 illo
559 1965 779 2007 obscurato,
799 1965 949 2002 ociante
969 1965 1028 2002 vel
1049 1965 1237 2004 dislocato
1262 1966 1487 2017 deturpatur
1508 1971 1590 2009 eius

206 2046 245 2078 25
262 2035 425 2084 dignitas
444 2041 481 2072 et
501 2035 571 2072 sibi
592 2034 790 2072 inferenda
806 2042 862 2073 est
882 2035 1004 2073 irrisio
1024 2042 1223 2086 tamquam
1244 2045 1432 2077 monstro.
1462 2039 1589 2086 Unde,
1605 2046 1682 2072 How
1692 2050 1772 2079 great
1784 2046 1842 2072 and

1604 2080 1809 2113 blameworthy

260 2113 301 2143 ut
329 2106 447 2155 tetigi,
475 2118 618 2155 magna
644 2112 680 2143 et
708 2106 907 2155 culpabilis
941 2113 997 2144 est
1031 2108 1172 2145 cecitas
1206 2108 1496 2148 mundanorum
1526 2112 1826 2174 quifflffijlseglffiffio

261 2176 519 2226 principaliter
547 2183 711 2225 querunt
742 2177 788 2214 de
818 2176 959 2215 clerico
989 2184 1177 2226 quantum
1207 2185 1334 2228 potest
1363 2181 1593 2230 expendere,
1606 2181 1852 2248 {¹n022213022t1igffssg

261 2258 380 2295 quam
402 2246 598 2295 splendide
619 2246 678 2283 vel
700 2253 925 2296 sumptuose
954 2247 1170 2296 disponitur
1195 2249 1235 2286 in
1264 2262 1431 2299 persona
1453 2264 1532 2299 sua,
1553 2253 1593 2290 in
1606 2249 1847 2316 fflfdeg‘gegfflffffi

263 2316 379 2354 domo
414 2317 491 2354 sive
524 2316 676 2361 familia,
704 2323 740 2354 et
774 2317 988 2355 secundum
1020 2318 1125 2355 illam
1158 2322 1514 2360 monstruositatem
1549 2336 1594 2362 ac
1607 2318 1709 2344 cence²

45 2392 126 2422 Fol.
139 2392 201 2421 113
215 2392 249 2422 b.
263 2387 462 2423 materiam
499 2386 835 2424 habundancionis
870 2386 888 2406 *
922 2388 1123 2426 dedecoris
1156 2391 1366 2428 attribuunt
1400 2393 1471 2430 sibi
1505 2393 1595 2432 irre-

264 2456 444 2505 gulariter
464 2456 550 2506 plus
570 2456 740 2494 honoris.
797 2457 847 2495 Et
867 2459 1212 2507 correspondenter
1241 2461 1448 2511 irreligiose
1468 2464 1595 2513 queri-

264 2538 351 2563 mus
371 2533 559 2576 quantum
578 2527 676 2565 valet
695 2528 927 2565 beneficium
950 2529 1255 2568 ecclesiasticum
1275 2533 1381 2581 quod
1402 2540 1594 2583 optamus,

264 2596 505 2634 intendentes
543 2597 699 2635 indubie
737 2598 886 2636 lucrum
916 2599 1032 2636 seculi
1063 2611 1145 2637 non
1179 2602 1314 2648 meriti,
1348 2604 1446 2642 sicut
1478 2616 1597 2654 opera

265 2668 420 2716 propria
440 2679 514 2705 nos
534 2668 777 2706 convincunt.
832 2668 894 2705 Ex
914 2669 995 2706 istis
1016 2669 1202 2708 discretus
1232 2670 1446 2712 katholicus
1468 2681 1595 2724 potest
1609 2687 1857 2755 ἐίξξῗῃιέἰὲῖιξοΐ

210 2752 249 2784 35
266 2737 445 2786 colligere
485 2738 590 2788 quod
632 2738 918 2786 inclinaciones,
943 2740 1254 2788 genuflecciones
1293 2749 1330 2780 et
1353 2756 1595 2796 quecumque
1609 2755 1665 2789 ing,
1678 2756 1866 2788 genuflection

634 2817 645 2836 ¹
668 2819 706 2850 si.
980 2819 992 2837 ²
1014 2820 1172 2861 veniente,
1189 2830 1223 2852 A.
