2051 3299
197 223 275 263 108
889 229 953 261 DE
985 230 1179 262 OFFICIO
1212 229 1369 262 REGIS.

189 343 457 404 {ggaxnffgfsffiuld
471 336 598 385 itaque
627 335 817 372 iniciative
846 347 1009 384 regnum
1029 334 1170 384 Anglie
1200 341 1327 372 utrum
1353 334 1450 373 foret
1475 346 1692 372 consonum
1721 334 1802 372 aliis

191 411 300 449 foreign
315 412 421 444 dergy,
471 406 624 452 sanctis,
651 405 753 444 clero
781 418 850 443 suo
877 406 992 455 legio,
1013 412 1049 443 et
1076 406 1147 443 sibi
1173 405 1263 444 utile
1294 405 1401 455 quod
1426 418 1493 444 rex
1520 418 1600 444 non
1631 406 1806 443 admittat

189 451 318 477 enterlng

189 478 458 539 ξῠξὲῗὲξὶἑὲἓεοᾶὼ
470 478 509 514 in
524 477 667 526 Anglia
683 476 923 514 sacerdotem
938 477 996 514 vel
1013 477 1158 514 clerum
1175 489 1286 514 suum
1301 476 1610 514 elemosinarium
1626 476 1805 525 gallicum

190 546 412 605 ἓῗξὲὲἴξὲξῇῖθ
468 548 527 586 vel
566 548 822 596 alienigenam
863 559 1120 597 quencumque
1159 547 1233 585 nisi
1261 547 1364 596 prius
1393 547 1550 596 prestito
1587 548 1806 584 iuramento

376 588 404 611 y.

470 618 576 669 quod
597 619 666 656 erit
686 619 809 656 fidelis
829 618 907 668 regi
927 625 964 656 et
985 630 1129 656 corone
1157 630 1234 664 sue,
1258 630 1329 656 nec
1356 625 1492 655 contra
1512 619 1804 668 prosperitatem
1820 628 1838 660 5

191 688 382 753 Ξεὲξῃᾶξοψξέξ
471 690 570 740 regis
590 696 628 727 et
647 690 754 738 regni
776 702 865 727 cum
892 689 1057 727 inimicis
1084 689 1123 725 in
1148 689 1276 738 aliquo
1303 689 1549 738 conspirabit.
1609 688 1671 727 Sic
1701 689 1806 726 enim

194 755 339 781 Arnoldus
354 756 389 780 de

191 788 339 819 Garnario,
354 788 402 814 the

192 822 324 889 31ξὲῗᾷ
334 822 390 882 {³ch
469 833 686 871 iuramento
716 832 905 881 solempni
935 832 1056 869 diviso
1086 832 1126 868 in
1156 831 1289 868 decem
1323 831 1503 869 articulos
1518 845 1529 879 3
1560 837 1598 869 et
1627 837 1806 881 suspecto

469 762 614 800 iuratus
651 768 708 799 est
746 761 942 798 Arnaldus
981 760 1030 798 de
1068 761 1254 809 gravario,
1294 760 1477 798 collector
1519 759 1697 810 Gregorii
1735 759 1805 806 XI,

471 904 610 942 clerico
644 904 743 952 legio
774 904 874 953 regis
908 915 931 940 a
964 902 1157 939 nativitate
1188 901 1344 939 deberet
1383 902 1564 951 compelli
1598 902 1647 939 ad
1686 901 1807 939 simile

469 976 739 1022 iuramentum,
760 975 994 1023 inventoque
1017 973 1203 1010 fidelitatis
1223 972 1374 1010 defectu
1394 973 1521 1022 puniri
1541 973 1696 1010 deberet
1714 973 1807 1022 legi·
1823 992 1864 1013 10

470 1047 562 1085 time
583 1047 798 1096 utrobique.
855 1045 939 1082 Nec
961 1044 1079 1082 credo
1099 1044 1205 1093 quod
1224 1044 1444 1093 impugnari
1464 1050 1594 1093 posset
1615 1043 1662 1082 de
1679 1044 1763 1094 jure
1786 1042 1804 1062 ²³<
1819 1050 1867 1079 24
1884 1059 1915 1080 a.

471 1124 653 1156 statutum
681 1117 794 1154 huius
823 1116 940 1162 modi,
970 1127 1061 1153 cum
1090 1114 1208 1152 alias¹
1237 1112 1407 1152 diceret2
1435 1121 1569 1152 contra
1598 1114 1725 1164 legem
1745 1115 1807 1152 dei

471 1189 578 1239 quod
607 1201 672 1226 rex
703 1188 749 1225 de
779 1187 1010 1237 patrimonio
1041 1198 1111 1223 suo
1132 1192 1177 1223 et
1204 1185 1251 1223 de
1280 1186 1393 1223 bonis
1420 1197 1636 1236 pauperum
1663 1185 1808 1223 collatis

472 1260 588 1299 cristo
623 1259 750 1297 foveat
781 1259 957 1296 inimicos
984 1257 1056 1303 dei,
1078 1257 1178 1305 regis
1205 1264 1242 1294 et
1268 1256 1388 1306 regni.
1464 1255 1584 1302 Quod
1614 1256 1645 1294 si
1675 1256 1807 1293 alieni·-

473 1343 573 1380 gene
601 1331 771 1380 promoti
805 1330 845 1366 in
876 1328 1019 1378 Anglia
1045 1328 1222 1365 dixerunt
1254 1339 1295 1365 se
1329 1339 1491 1373 servare,
1525 1339 1614 1365 curn
1643 1339 1808 1375 regnum
1824 1338 1863 1370 15

472 1401 611 1450 Anglie
643 1413 733 1450 sepe
761 1400 963 1438 seductum
987 1399 1053 1437 fuit
1077 1411 1100 1436 a
1125 1399 1275 1445 talibus,
1299 1398 1393 1448 quid
1420 1399 1574 1435 obesset
1599 1398 1653 1436 eis
1685 1399 1808 1436 iurare

472 1484 604 1510 coram
637 1472 797 1510 consilio
828 1471 928 1520 regis
962 1470 1211 1520 solempniter
1244 1470 1350 1519 quod
1392 1469 1612 1506 fidelitatem
1645 1469 1809 1519 legalem

473 1544 555 1592 regi
593 1549 631 1581 et
668 1555 791 1592 regno
829 1555 919 1580 cum
957 1542 1038 1579 aliis
1083 1541 1263 1579 clausulis
1301 1540 1488 1590 legalibus
1525 1541 1807 1578 observabunt?

193 1613 396 1672 {ffifgssffitoh
478 1614 541 1653 Sic
561 1615 665 1652 enim
686 1615 829 1651 iuratus
849 1619 906 1651 est
932 1612 1257 1662 Archiepiscopus
1283 1612 1533 1661 solempniter
1561 1612 1641 1661 regi
1665 1619 1810 1658 nostro,

194 1680 429 1740 flairsdssfflr’nsissoe
473 1692 511 1723 et
530 1686 569 1722 in
590 1686 676 1735 ipso
695 1685 904 1722 virtualiter
924 1685 1047 1722 clerus
1069 1696 1171 1730 suus,
1194 1696 1313 1733 quare
1333 1683 1446 1732 igitur
1466 1694 1547 1720 non
1567 1683 1809 1732 alienigena?
1826 1694 1867 1716 20

193 1747 395 1815 fflcffiugigfflsss,
475 1756 624 1794 Revera
645 1756 710 1806 qui
731 1768 812 1793 non
831 1755 910 1793 vult
930 1756 969 1792 in
989 1755 1146 1805 propria
1166 1767 1333 1804 persona
1357 1754 1496 1800 venire,
1524 1759 1561 1791 et
1588 1754 1804 1791 secundum

193 1826 359 1886 ffighssssiffg
362 1826 445 1887 ffilnss}
448 1870 461 1886 r
473 1827 584 1865 istam
604 1827 770 1865 formam
797 1827 1065 1865 elemosinanti
1091 1838 1163 1864 suo
1190 1825 1383 1863 humiliter
1406 1837 1446 1862 se
1473 1824 1604 1871 offere,
1625 1830 1683 1862 est
1701 1824 1811 1862 valde

194 1894 345 1955 gfaffgssissgn
472 1898 654 1947 indignus
675 1898 907 1936 elemosinas
927 1897 1020 1935 tales
1047 1897 1094 1934 de
1121 1909 1211 1946 rege
1233 1902 1270 1934 et
1291 1907 1411 1945 regno
1432 1896 1612 1944 recipere.
1671 1895 1720 1932 Et
1740 1896 1812 1933 ista

195 1973 352 2032 3535&
364 1981 429 1999 con-
474 1969 673 2007 ordinacio
707 1969 926 2006 excluderet
955 1968 1189 2018 alienigenas
1224 1967 1438 2017 proditores
1472 1972 1509 2004 et
1542 1966 1812 2015 multiplicaret

194 2039 461 2106 ξέξὶζὲὲζᾶὲὲξξέἷ
473 2041 674 2090 indigenas
702 2040 867 2078 cultores
896 2040 1004 2077 utiles
1034 2039 1142 2088 regni
1171 2039 1303 2077 nostri.
1361 2038 1501 2076 Omnis
1530 2038 1658 2087 itaque
1688 2037 1810 2074 claus-
1827 2046 1865 2078 25

195 2107 461 2173 ξξῗξξζὲῗξῃξοοξῇθ
474 2112 575 2150 tralis
595 2111 715 2160 legius
735 2111 836 2160 regis
856 2111 895 2147 in
915 2111 1058 2148 neutris
1084 2110 1133 2148 ad
1159 2110 1488 2160 gubernacionem
1514 2109 1647 2158 regni3
1669 2121 1810 2146 sonan-

195 2175 244 2201 the
256 2174 394 2207 kingdom

196 2214 394 2268 Οζνέἓῑέἑῖῗῗζ
524 2254 530 2261 -
786 2253 792 2260 -

195 2252 245 2301 {²he
260 2275 337 2308 King
351 2276 420 2301 than
475 2260 621 2304 privato
641 2261 849 2303 prepossto.

196 2309 224 2335 in
237 2309 307 2335 such
320 2309 430 2336 neutral
872 2325 878 2332 .
936 2324 942 2331 .
1013 2325 1020 2331 .
1226 2323 1232 2330 .
1524 2323 1530 2329 .

196 2349 312 2369 matters
324 2349 353 2369 to
365 2343 409 2369 his
533 2325 611 2363 Sed
649 2333 786 2375 quarto
824 2325 1080 2375 pnncrpaliter
1128 2323 1321 2373 argultur4
1359 2323 1595 2361 contradicta
1633 2335 1700 2372 per
1739 2323 1812 2361 hoc
1827 2331 1871 2366 Q.

196 2377 305 2409 private
318 2377 400 2402 head.
764 2397 770 2404 .
1066 2396 1072 2402 .
1497 2395 1501 2401 .
1524 2395 1529 2401 .

197 2422 330 2447 Afourth
343 2421 435 2453 objec-
477 2397 582 2446 quod
602 2397 832 2446 generaliter
852 2396 937 2445 plus
959 2395 1221 2434 obediendum
1251 2401 1308 2432 est
1336 2395 1421 2444 plus
1451 2394 1532 2431 utill
1552 2401 1590 2432 et
1618 2393 1811 2443 perfecto;
1828 2410 1870 2441 30

196 2455 391 2514 {ffusssssmken
477 2468 546 2506 sed
574 2469 707 2517 religio
740 2467 964 2506 obediencie
994 2466 1198 2504 monachie
1226 2473 1282 2503 est
1302 2466 1511 2515 perfeccior
1530 2478 1648 2515 quam
1679 2465 1812 2514 religio

196 2525 235 2552 (a)
255 2523 305 2547 We
318 2531 378 2547 owe
582 2541 587 2547 .
669 2540 674 2546 .
829 2539 835 2546 .
1246 2537 1251 2544 .
1665 2537 1669 2542 .

195 2562 307 2588 greater
320 2555 415 2582 obedi-
476 2540 700 2578 obedienme
721 2539 858 2589 regalis
871 2551 881 2585 3
911 2550 1005 2587 ergo
1031 2538 1116 2587 plus
1140 2537 1427 2575 obedlendum⁵
1446 2543 1504 2574 est
1529 2537 1672 2574 Abbati
1692 2549 1810 2586 quam

196 2599 264 2615 enee
278 2596 306 2615 to
320 2590 381 2614 that
547 2611 554 2619 .
695 2611 701 2617 .
839 2610 845 2616 .
1802 2608 1807 2614 -
1823 2589 1950 2619 Decret.
1969 2588 2007 2619 C.

196 2623 287 2648 which
302 2622 324 2648 is
337 2632 412 2648 more
476 2624 568 2660 regl.
646 2610 778 2647 Minor
812 2609 961 2647 vldetur
1000 2622 1047 2646 ex
1087 2609 1242 2646 decreto
1278 2620 1324 2656 19
1357 2620 1392 2657 q.
1428 2621 1462 2654 2,
1492 2607 1581 2644 Duo
1612 2612 1709 2654 sunl,
1744 2608 1901 2664 ub1X1X·
1919 2632 1959 2672 Q·
1978 2632 2011 2664 ii·

195 2657 312 2723 ἂῗῐῗῗιῑέ
326 2690 444 2724 religion
476 2682 634 2720 docetur
655 2681 762 2730 quod
782 2681 844 2718 lex
865 2681 1011 2730 privata
1032 2686 1088 2717 est
1108 2679 1193 2728 lege
1214 2679 1372 2717 comuni
1393 2679 1640 2728 prestancior.
1705 2678 1812 2715 Con·
1826 2686 1852 2707 0·
1870 2684 1896 2706 2·

473 2183 574 2221 tibus
595 2183 709 2220 debet
728 2183 815 2231 plus
835 2182 993 2221 obedire
1013 2181 1094 2231 regi
1121 2193 1191 2219 suo
1221 2193 1339 2231 quam
1359 2181 1399 2217 in
1418 2180 1557 2218 talibus
1578 2181 1720 2218 neutris
1740 2192 1811 2219 suo

519 2776 529 2793 ¹
554 2775 647 2813 alias,
664 2785 724 2806 om.
744 2783 773 2807 Β.
883 2773 895 2791 ²
918 2773 1004 2810 dicit,
1023 2781 1052 2803 Β.
1160 2772 1171 2790 ³
1194 2772 1278 2813 regis
1293 2776 1357 2813 pro
1373 2772 1474 2813 regni,
1492 2780 1522 2803 Β.
1627 2771 1638 2789 ⁴
1662 2782 1720 2815 per
1734 2776 1810 2802 ante

476 2831 589 2859 eontra
605 2827 678 2857 add.
698 2835 730 2858 A.
826 2826 837 2842 ⁵
861 2830 908 2857 est
926 2825 1031 2861 obed„
1048 2833 1077 2856 B.
