2051 3299
165 228 245 273 208
874 235 939 266 DE
970 234 1165 267 orrrcro
1197 235 1353 267 Rncrs.

444 341 627 388 subditur,
649 340 861 387 Externus,
883 342 952 389 quz'
972 341 1025 377 ad
1047 341 1336 377 ministrandum
1364 341 1562 387 accesserit,
1585 341 1771 377 morietur.

442 412 586 449 Iudeus
616 419 743 448 autem
774 411 821 448 de
851 411 925 447 alia
954 411 1054 447 tribu
1084 411 1207 459 potuit
1236 410 1450 448 consecrari
1478 410 1527 447 ad
1551 411 1668 448 alium
1688 410 1772 447 reli-

444 484 595 533 giosum
629 482 790 519 modum
820 481 970 519 vivendi
999 482 1102 519 salvo
1130 482 1286 531 proprio
1316 481 1442 519 officio
1472 481 1703 526 Levitarum‚
1733 488 1774 518 ut

445 552 674 590 abstinendo
709 553 758 589 ab
791 552 988 589 inmundis
1025 559 1062 589 et
1100 559 1194 601 potu
1232 552 1457 589 inebriativo
1487 552 1545 589 vel
1579 552 1653 589 ritu
1686 552 1772 598 alio,
1786 560 1911 592 Numb.
1924 560 1968 591 vi.

443 630 484 661 ut
512 630 614 673 patet
644 624 691 661 de
719 623 803 672 lege
837 622 1102 660 Nazareorum
1137 622 1298 660 Numer.
1328 623 1374 668 vi,
1410 623 1518 660 euius
1552 623 1773 672 exemplum
1785 630 1910 672 Judges
1923 630 1990 662 xiii.

443 701 500 733 est
520 695 568 731 de
596 694 812 743 Sampsone
842 693 1017 731 Iudicum
1042 706 1100 741 13.
1158 692 1262 731 Ymo
1291 694 1450 743 gentiles
1477 700 1654 743 poterant
1679 707 1772 732 con-

445 765 583 802 secrari
603 764 652 801 ad
673 776 791 813 opera
812 764 960 801 servilia
980 764 1082 801 circa
1095 764 1292 813 templum,
1308 771 1348 801 ut
1365 771 1469 813 patet
1482 764 1529 802 de
1544 764 1773 802 Gabaonitis
1785 770 1930 811 Josh.ix.
1948 779 1976 809 3.

445 837 560 874 Iosue
577 836 627 872 ix.
668 835 730 872 Sic
750 841 877 872 autem
899 847 978 872 non
999 834 1127 872 decuit
1148 847 1357 884 personam
1375 835 1573 873 Hebream
1593 836 1774 873 serviliter

444 906 655 956 mancipari
675 912 829 955 propter
850 905 1063 942 libertatern
1084 906 1313 943 servandam
1333 907 1373 943 in
1393 907 1458 952 eis,
1477 914 1517 944 ut
1538 913 1642 956 patet
1663 906 1772 944 Levi·
1787 917 1864 948 Lev.
1882 928 1955 949 xxv.

444 978 507 1015 tici
540 987 600 1025 25.
657 976 772 1013 Unde
802 988 875 1025 pro
905 975 1037 1014 Levita
1063 984 1224 1015 vovente
1254 990 1294 1014 se
1325 978 1462 1016 servire
1492 977 1707 1027 specialiter
1736 977 1776 1014 in
1788 991 1835 1019 43
1853 998 1884 1019 ο,

446 1048 658 1086 Ierusalem
688 1047 778 1084 data
805 1053 863 1084 est
892 1047 947 1084 eis
974 1046 991 1065 '¹‘
1023 1047 1085 1084 lex
1114 1047 1228 1086 Deut.
1264 1050 1321 1085 18.
1790 1059 1888 1091 Deut.
1905 1058 1994 1089 xviii.

163 1122 402 1156 Thispremissed,
504 1119 592 1156 Istis
638 1117 832 1168 premissis
879 1123 936 1155 est
980 1126 1023 1166 30
1068 1119 1204 1167 triplex
1251 1120 1454 1168 responsio
1501 1119 1551 1157 ad
1597 1119 1778 1169 predicta.
1791 1127 1838 1156 N.

164 1167 207 1184 we
228 1158 300 1183 have
314 1166 331 1183 a
343 1157 433 1182 three-

164 1192 388 1256 {ffledozrffgggff
446 1191 576 1227 Primo
608 1189 715 1239 quod
739 1195 863 1226 totum
894 1189 967 1227 hoc
998 1189 1066 1226 fuit
1096 1190 1343 1239 cerimoniale
1372 1197 1408 1228 et
1437 1203 1505 1240 per
1534 1203 1777 1240 consequens

164 1258 413 1318 {gffflvsshffvssew‘
445 1274 526 1299 non
565 1266 622 1299 est
659 1273 682 1297 a
716 1260 855 1297 nostris
894 1260 1156 1298 sacerdotibus
1194 1261 1244 1298 ad
1281 1261 1445 1299 litteram
1484 1262 1777 1299 observandum.

164 1326 562 1389 ”ffilgssfflcjffigoisTunc
597 1331 700 1368 enim
732 1331 948 1380 obligarent
980 1343 1019 1368 se
1051 1331 1211 1380 perinde
1243 1331 1292 1369 ad
1326 1332 1614 1382 qualescunque
1645 1333 1776 1370 obser-
1792 1353 1829 1385 15

164 1394 302 1453 ’3ξὲζῇξὲ
312 1392 434 1459 ζξξζξζγ
446 1403 600 1441 vancias
621 1402 884 1440 sacerdotibus
904 1401 999 1450 Iegis
1023 1403 1158 1440 veteris
1178 1402 1367 1449 limitatas,
1390 1403 1495 1453 quod
1514 1403 1611 1441 foret
1632 1404 1776 1441 nedum

164 1461 272 1494 priam·
446 1474 560 1512 nimis
590 1475 730 1511 durum
760 1473 901 1511 nostris
914 1471 926 1491 ¹
947 1473 1158 1511 cervicibus
1187 1474 1255 1512 sed
1282 1475 1407 1512 eciam
1427 1474 1592 1521 infidele,
1612 1481 1654 1512 ut
1673 1482 1777 1524 patet

445 1547 484 1584 in
504 1545 663 1583 materia
683 1545 730 1582 de
751 1544 971 1582 cessacione
992 1544 1182 1594 legalium.
1222 1545 1326 1583 Ymo
1346 1545 1548 1583 innitendo
1567 1546 1638 1583 hiis
1654 1545 1777 1583 verbis

446 1630 526 1655 non
551 1617 681 1654 liceret
712 1616 851 1653 nostris
880 1615 1026 1653 clericis
1055 1616 1221 1653 vendere
1252 1616 1421 1654 decimas
1450 1616 1547 1662 lane,
1568 1618 1776 1666 garbarum

168 1697 198 1723 If
207 1696 263 1723 this
276 1696 336 1721 rure
349 1704 421 1721 were
445 1688 504 1725 vel
533 1687 684 1726 alterius
705 1686 904 1733 decimati3
933 1699 1066 1736 ymmo
1090 1699 1179 1724 cum
1198 1687 1302 1724 nulla
1332 1687 1459 1724 oblata
1478 1687 1643 1736 pecunia
1664 1688 1775 1737 quid-
1791 1707 1831 1728 20

166 1729 565 1809 ffffiffissggffitkgssquam
603 1771 741 1803 emere,
772 1769 861 1795 cum
895 1757 971 1794 tale
1006 1764 1272 1795 consecratum
1314 1758 1475 1796 domino
1514 1759 1652 1796 mutari
1695 1771 1776 1796 non

166 1799 435 1865 Essgfflffissgsegs
447 1830 594 1880 poterit,
612 1829 680 1866 sed
699 1829 801 1866 nude
822 1828 1000 1866 consumi
1020 1828 1059 1865 in
1079 1829 1209 1866 usibus
1231 1829 1449 1874 sacerdotis,
1464 1836 1500 1867 et
1513 1829 1634 1866 multo
1654 1829 1777 1878 magis

447 1913 527 1938 non
559 1901 688 1938 liceret
726 1899 866 1937 nostris
905 1899 1043 1937 dotatis
1072 1901 1236 1937 vendere
1264 1900 1368 1939 laicis
1404 1900 1517 1938 Cristi
1545 1900 1778 1949 patrimonia

448 1971 625 2009 corrodia
648 1978 685 2008 et
713 1971 806 2008 alias
836 1970 1065 2008 elemosinas
1095 1971 1149 2008 sic
1181 1971 1336 2008 civiliter
1365 1977 1599 2008 conmutare.

166 2050 261 2083 (ii)As
273 2048 411 2086 alllands·
506 2042 684 2080 Secunda
712 2041 915 2091 responsio
944 2041 1034 2079 dicit
1061 2042 1166 2090 quod
1204 2055 1295 2092 ager
1327 2042 1386 2079 vel
1415 2042 1554 2080 domus
1588 2042 1634 2080 de
1668 2042 1775 2079 here·
1790 2061 1829 2092 25

167 2083 300 2111 returned
314 2088 343 2108 to
356 2082 427 2107 thelr

166 2117 407 2182 ffiitgfissayleffl‘ssssffi
453 2114 566 2151 ditate
596 2119 754 2163 paterna
785 2124 855 2161 per
889 2112 1115 2149 divisionem
1152 2113 1265 2150 sortis
1299 2113 1470 2162 regulate
1501 2125 1524 2150 a
1555 2112 1642 2150 Deo
1673 2118 1778 2162 post-

168 2182 422 2249 gglssffssffiggssrssiitss
451 2196 565 2234 quam
606 2189 876 2221 consecratum
923 2189 981 2220 est
1028 2182 1115 2220 Deo
1159 2195 1239 2220 non
1289 2183 1420 2221 debuit
1470 2183 1669 2229 comutari,
1711 2183 1778 2220 sed

169 2251 289 2285 English
303 2257 434 2277 customs.
452 2261 721 2293 consecratum
752 2266 800 2290 ex
833 2253 1036 2302 empcione
1070 2254 1128 2291 vel
1167 2254 1320 2291 aliunde
1351 2254 1580 2304 proveniens
1611 2254 1780 2304 oportuit

448 2326 487 2363 in
536 2325 678 2362 iubileo
723 2324 844 2362 redire
893 2323 942 2361 ad
990 2324 1191 2362 dominum
1243 2331 1546 2372 consecrantem,
1585 2331 1627 2361 ut
1675 2331 1779 2374 patet

449 2396 608 2433 Levitici
651 2404 711 2444 27,
750 2395 816 2432 ubi
855 2401 982 2432 textus
1021 2395 1215 2444 allegatur.
1292 2395 1464 2433 Gentiles
1503 2407 1592 2433 vero
1631 2395 1776 2433 domini
1790 2404 1867 2436 Lev.
1879 2403 1980 2436 xxvii,

449 2474 486 2505 et
520 2467 736 2516 specialiter
769 2466 907 2515 anglici
940 2478 1021 2503 non
1055 2466 1197 2503 habent
1235 2466 1298 2503 tali
1335 2467 1415 2503 iure
1449 2466 1676 2504 hereditario
1710 2465 1778 2503 sed
1792 2458 1841 2489 ²4·

450 2545 664 2587 conquestu
697 2537 756 2574 vel
794 2537 1063 2574 comutacione
1110 2536 1312 2585 multiplici
1350 2544 1469 2574 terras
1508 2549 1607 2575 suas.
1682 2537 1777 2574 Ideo

449 2608 559 2646 valde
608 2608 776 2645 alienum
814 2607 962 2644 videtur
1003 2619 1071 2644 eos
1117 2607 1166 2644 ad
1214 2607 1325 2644 istam
1375 2607 1500 2656 legem
1548 2607 1776 2657 restringere

450 2692 519 2729 per
552 2679 680 2716 locum
719 2690 742 2716 a
774 2684 854 2715 tam
892 2678 997 2715 nuda
1035 2683 1073 2714 et
1111 2677 1353 2715 insufficienti
1390 2678 1643 2715 similitudine.
1701 2677 1776 2715 Sed

450 2748 607 2786 ulterius
645 2748 792 2786 videtur
828 2747 921 2785 mihi
960 2747 1064 2797 quod
1109 2760 1187 2785 non
1232 2748 1359 2785 omnis
1408 2748 1491 2785 talis
1540 2748 1678 2786 domus
1717 2748 1775 2785 vel
1789 2767 1827 2799 35

970 2827 979 2847 ¹
1002 2838 1062 2860 om.
1078 2827 1207 2868 nostris,
1224 2835 1259 2860 A.
