2051 3299
718 252 783 284 DE
815 252 1008 285 OFF1cro
1043 252 1201 285 Rsscrs.
1816 255 1893 294 141

290 357 480 407 bipertita,
499 357 640 395 scilicet
660 358 718 395 vel
738 371 816 408 quo
836 358 884 396 ad
905 359 1129 408 temporalia
1149 358 1208 396 vel
1229 369 1307 408 quo
1328 357 1377 395 ad
1398 357 1617 407 spiritualia,
1630 370 1774 410 sprewam
1792 373 1862 399 each

289 435 326 467 et
362 435 564 478 utrumque
603 430 821 466 membrum
870 430 1121 466 subdividitur
1170 430 1355 466 divisione
1404 429 1615 478 multiplici.
1629 406 1899 466 ffisffiffigfurmer

71 506 114 535 31
130 513 162 536 a.
290 500 420 538 Primo
442 500 560 538 modo
587 507 643 538 est
670 508 839 550 potestas
864 501 975 549 regis,
1000 500 1018 520 *
1051 501 1116 550 qui
1146 507 1203 538 est
1233 500 1293 537 dei
1315 500 1487 545 vicarius,
1509 507 1617 536 ante·
1629 506 1897 572 tlssetlggvffgtoptoffl

290 572 445 618 cellens,
477 579 519 608 ut
548 584 703 609 suasum
735 579 814 618 est;
854 571 921 609 sed
955 571 1125 608 secundo
1157 570 1276 608 modo
1307 571 1421 607 debet
1448 573 1864 639 POteStasffissssff’ffpsffgd’S

258 643 536 691 5sacerdotalis
564 643 782 691 precellere,
804 655 893 680 cum
923 642 1036 679 debet
1065 641 1206 678 habere
1236 641 1421 678 maiorem
1450 641 1617 690 graciam
1630 640 1899 706 {aneffisseissgffir

290 713 477 751 servando
497 714 537 750 in
558 725 598 750 se
620 719 761 751 statum
790 713 1065 762 perfecciorem
1092 713 1132 748 in
1152 712 1226 749 hoc
1255 711 1361 761 quod
1381 711 1469 748 vivit
1491 711 1617 749 Cristo
1630 708 1876 767 ssgglffiolssgiffilajf

1651 784 1726 801 race.
1762 775 1818 800 But
1831 775 1880 800 the

290 784 541 822 conformius.
600 784 676 822 Sed
709 785 909 822 minoritas
936 784 1019 821 talis
1045 783 1241 832 potestatis
1271 789 1328 820 est
1356 782 1547 819 variabilis
1578 782 1616 818 in
1629 784 1731 840 {egree
1744 808 1841 834 ofthis

291 855 404 893 Cristi
441 855 593 901 vicario,
634 856 729 893 sicut
769 855 926 892 Cristus.
995 854 1078 891 Nec
1117 854 1320 902 negabitur
1356 853 1440 891 talis
1477 853 1617 890 modus
1629 841 1897 901 ξ’[ῗζζῑῗίζῃνξξξξῖξ

68 928 168 960 Matt.
185 927 229 959 xi.
287 927 481 977 loquendi,
502 939 592 964 cum
625 926 760 964 Matth.
783 926 822 962 xi
852 926 943 963 dicit
973 925 1120 963 Cristus
1148 924 1253 961 Inter
1281 929 1386 961 natos
1419 925 1615 961 mulierum
1629 910 1780 969 ssffiffssftg
1793 915 1822 935 to
1835 909 1880 935 ¹²¹⁵

74 981 124 1002 Π·
236 1009 276 1031 10
288 1011 361 1034 non
380 999 554 1036 surrexit
570 999 690 1035 maior
705 997 872 1035 Iohanne
888 997 1054 1046 baptista,
1076 997 1141 1033 ubi
1158 996 1318 1046 planum
1339 1002 1395 1033 est
1411 996 1517 1046 quod
1537 1008 1619 1033 non

289 1069 458 1118 loquitur
492 1069 538 1107 de
570 1069 782 1106 maioritate
816 1068 940 1114 molis,
975 1067 1033 1104 vel
1068 1067 1115 1104 de
1128 1068 1140 1087 1
1172 1067 1387 1104 maioritate
1421 1067 1620 1105 mundane

288 1139 535 1185 auctoritatis,
558 1140 625 1177 sed
651 1140 698 1176 de
725 1140 936 1176 maioritate
956 1139 1113 1176 virtutis.
1173 1138 1279 1176 Sicut
1307 1151 1400 1187 ergo
1430 1138 1550 1176 homo
1580 1139 1622 1175 fit

289 1211 412 1248 maior
432 1223 562 1248 coram
584 1210 745 1248 domino
765 1210 1109 1259 proporcionaliter
1128 1216 1169 1247 ut
1190 1210 1325 1247 crescit
1345 1210 1384 1247 in
1404 1210 1550 1256 virtute,
1567 1210 1620 1247 sic

73 1293 110 1323 s,
289 1274 493 1319 auctoritas
513 1293 581 1318 sua
602 1288 658 1319 est
683 1294 729 1319 ea
757 1282 912 1319 racione
940 1281 1064 1318 maior
1084 1287 1124 1318 ut
1146 1282 1282 1319 crescit
1308 1282 1348 1318 in
1368 1281 1514 1318 virtute.
1570 1281 1622 1319 Et

237 1365 275 1397 15
290 1352 339 1389 ad
358 1353 471 1390 istam
490 1353 685 1390 racionem
706 1353 819 1390 debet
840 1353 1019 1390 sacerdos
1037 1353 1246 1391 attendere.
1303 1353 1419 1390 Unde
1439 1365 1520 1391 non
1535 1353 1620 1402 plus
1634 1364 1667 1390 In
1681 1373 1718 1391 no
1729 1374 1794 1397 way
1807 1374 1859 1391 can

1632 1399 1680 1424 the
1693 1405 1754 1424 true
1768 1399 1886 1432 priestly

290 1423 599 1469 confunderetur,
620 1424 874 1461 minoraretur
894 1424 951 1461 vel
980 1424 1262 1473 extingueretur
1290 1424 1499 1462 sacerdotis
1529 1436 1619 1461 auc·
1631 1433 1871 1498 ἲὲἓοέζζίἓῑὲἀ

289 1494 419 1532 toritas
439 1506 557 1543 quam
577 1495 837 1544 presumendo
857 1507 1053 1532 assumere
1074 1495 1113 1531 in
1133 1495 1271 1532 eodem
1292 1495 1489 1533 sacerdote
1506 1495 1618 1532 istam
1630 1500 1900 1560 {Effgokzlytghgozrgse

69 1574 201 1624 Decret.
289 1565 483 1614 duplicem
518 1571 760 1614 potestatem.
837 1565 952 1603 Unde
992 1571 1038 1603 Xa
1072 1566 1121 1603 di.
1165 1566 1348 1612 Quoniam
1387 1567 1490 1612 idem,
1531 1566 1620 1604 dicit
1631 1567 1797 1635 issirlgssfhe

70 1619 143 1692 ΞΕ·
160 1626 196 1650 X·
215 1628 242 1649 ε’
289 1636 504 1674 Priscianus
544 1637 694 1674 Iuliano
734 1637 839 1686 quod
877 1638 1054 1674 mediator
1087 1638 1148 1673 dei
1180 1642 1214 1674 et
1247 1638 1435 1674 hominum
1473 1637 1623 1675 Cristus

236 1725 277 1746 20
290 1706 405 1753 Iesus,
440 1709 495 1744 sic
523 1709 696 1756 propriis
734 1708 875 1745 actibus
888 1706 901 1726 2
930 1712 965 1744 et
999 1709 1245 1756 dignitatibus
1283 1709 1465 1745 distinctis
1504 1709 1624 1758 officia

284 1779 474 1827 potestatis
493 1779 682 1826 utriusque
701 1779 885 1826 discernit,
908 1779 1029 1816 volens
1048 1783 1240 1827 utramque
1265 1780 1449 1816 ecclesiam
1476 1781 1623 1816 medici-

290 1850 375 1885 nali
386 1849 593 1886 humilitate
606 1862 755 1886 sursum
771 1850 906 1899 efferri,
926 1863 997 1886 non
1012 1851 1177 1887 humana
1193 1850 1365 1899 superbia
1382 1852 1420 1887 in
1436 1851 1622 1900 inferiora

289 1921 460 1969 demergi,
482 1924 524 1956 ut
539 1925 573 1957 et
589 1921 768 1957 cristiani
782 1920 1031 1970 Imperatores
1042 1928 1117 1971 pro
1136 1926 1259 1969 eterna
1279 1923 1360 1959 vita
1380 1923 1623 1972 pontificibus

290 1991 500 2039 zndzgerent
529 1996 564 2028 et
589 1992 786 2041 pontifices
818 1999 890 2041 pro
927 2005 1041 2029 cursu
1079 1994 1336 2041 temporalium
1374 1994 1622 2031 tantummodo

237 2079 275 2110 25
289 2075 414 2099 rerum
461 2063 716 2111 imperialibus
763 2063 902 2112 legibus
948 2068 1147 2110 uterentur,
1186 2068 1365 2112 quatenus
1410 2066 1622 2113 spiritualis

73 2145 89 2166 2
102 2136 189 2167 Tim.
201 2136 234 2167 ii.
245 2146 274 2177 4.
289 2135 389 2169 accio
410 2146 433 2169 a
453 2134 670 2170 carnalibus
701 2135 858 2171 distaret
877 2134 1100 2180 incursibus,
1122 2139 1156 2171 et
1174 2138 1182 2153 ‘
1196 2136 1257 2172 deo
1276 2136 1442 2172 militans
1473 2137 1622 2173 minime

289 2204 514 2241 secularibus
542 2206 703 2253 negociis
720 2205 781 2241 se3
805 2203 1035 2254 z'7npl2'carel‚'
1057 2218 1102 2242 ac
1130 2207 1296 2243 vicissim
1326 2218 1398 2243 non
1430 2208 1490 2243 ille
1514 2207 1622 2244 rebus

289 2275 430 2311 divinis
449 2276 637 2324 presidere
656 2277 843 2313 videretur
861 2277 930 2325 qui
956 2280 1045 2313 esset
1060 2277 1288 2314 secularibus
1317 2279 1476 2326 negociis
1499 2279 1622 2327 impli-

289 2350 403 2391 catus,
424 2346 490 2383 ubi
509 2347 756 2384 manifestum
777 2353 833 2384 est
860 2347 967 2396 quod
993 2360 1095 2397 papa
1120 2348 1285 2385 intendit
1314 2349 1421 2398 quod
1449 2349 1520 2387 hec
1544 2349 1622 2387 duo

236 2429 278 2461 30
292 2415 416 2454 officia
454 2417 528 2454 sint
561 2417 815 2466 impermixta,
852 2418 905 2455 sic
944 2418 1052 2467 quod
1083 2418 1243 2468 quilibet
1277 2419 1436 2457 clericus
1470 2420 1516 2457 sit
1551 2421 1623 2458 sub

290 2488 451 2525 nostro4
478 2487 600 2536 gradu
629 2489 864 2526 auctoritatis
898 2501 978 2538 quo
1010 2489 1059 2526 ad
1097 2490 1336 2539 temporalia,
1368 2491 1466 2528 sicut
1494 2492 1622 2529 omnis

293 2564 467 2596 creatura
487 2565 544 2596 est
559 2560 630 2596 sub
646 2566 777 2597 nostro
790 2560 803 2578 4
822 2559 944 2608 gradu
964 2560 1199 2598 auctoritatis
1214 2561 1361 2610 prime;
1391 2562 1499 2599 aliter
1518 2563 1623 2600 enim

291 2641 372 2666 non
410 2629 507 2666 foret
545 2629 702 2667 clericus
750 2631 823 2668 sub
861 2631 1022 2668 nostro4
1063 2631 1187 2680 gradu
1226 2632 1406 2670 secularis
1449 2633 1622 2671 dominii.

293 2699 534 2749 Spiritualem
572 2706 700 2738 autem
737 2707 968 2750 potestatem
1006 2702 1204 2751 pugnandi
1243 2715 1334 2741 cum
1372 2703 1540 2752 diabolo,
1578 2711 1623 2742 ut

334 2796 345 2814 ¹
372 2797 422 2836 de,
439 2809 500 2829 om.
517 2806 548 2829 B.
692 2798 705 2817 2
727 2802 787 2832 act.
806 2810 913 2841 prop„
929 2800 996 2831 ord.
1017 2800 1098 2840 inv„
1116 2808 1147 2831 B.
1297 2801 1308 2819 ³
1332 2812 1399 2833 sese
1415 2803 1569 2843 negociis,
1590 2811 1620 2833 Β.

290 2848 301 2865 4
324 2859 389 2880 non
397 2854 462 2891 pro
477 2855 597 2889 nostro,
616 2858 646 2881 B.
