2051 3299
687 245 750 277 DE
785 245 981 278 OFFICIO
1015 246 1172 279 REGIS.
1822 244 1872 290 15

268 348 372 397 leges
405 354 441 385 et
475 356 695 387 sanctorum
727 351 978 388 auctoritates.
1034 351 1085 388 Et
1118 351 1189 388 ista
1220 351 1365 388 videtur
1400 352 1596 390 sentencia

269 419 474 468 Augustini
500 420 667 472 capitulo
691 421 818 457 xxxiio
842 421 880 457 in
906 421 951 458 de
979 421 1243 470 questionibus
1270 422 1405 459 veteris
1430 428 1467 459 et
1497 434 1596 459 nove

269 490 373 539 legis.
430 489 506 527 Ubi
537 490 779 528 ostendendo
813 492 1013 540 quomodo
1048 492 1247 529 cristianus
1280 504 1320 529 se
1355 493 1513 530 habebit
1546 492 1596 530 ad

50 560 138 601 Aug.
269 559 457 598 honorem
487 560 591 597 diviti
619 567 655 598 et
685 561 843 610 pauperi
871 561 1160 610 inpendendum
1193 562 1247 599 sic
1279 562 1470 610 loquitur:
1499 561 1595 600 Con·
1608 560 1669 599 The
1682 559 1844 587 d³⁵t³¹¹0⁶0¹²

51 604 172 643 Quaest.
190 613 229 634 ex
1608 603 1631 619 ιε
1644 594 1692 619 the
1705 603 1781 619 same
1794 603 1825 619 as

51 646 125 677 Vet.
143 646 231 678 Test·
268 631 472 679 tempnendi
487 631 603 679 plane
632 635 721 667 sunt
748 636 978 679 corruptores
1001 644 1143 668 morum
1168 636 1202 668 et
1227 633 1406 681 sacrilegi
1424 634 1463 669 in
1486 633 1595 682 legem
1609 627 1830 693 {2⁶¹3}ssssssssssss

50 689 149 720 '‘x'‘fi·
268 701 335 746 dei,
362 701 572 737 honorandi
589 713 673 738 vero
699 702 886 750 diligentes
909 702 1011 738 deum
1035 706 1068 738 et
1088 702 1278 751 discipline
1301 703 1464 742 cultores.
1522 699 1701 753 Ηιὶξῖζζξὲ
1711 694 1849 753 ξῇᾎῑᾞζε

267 772 360 807 enim
387 771 514 807 divites
536 776 627 819 aput
651 772 753 808 deum
779 772 968 818 habentur,
991 773 1060 820 qui
1078 772 1163 809 bone
1191 774 1480 809 conversacionis
1498 776 1594 817 sunt,
1608 760 1706 786 riches.

266 845 300 878 et
316 846 452 889 quanto
472 843 511 877 in
531 843 662 878 mundo
677 839 1051 894 contemptibil[i0r]es
1063 847 1159 888 sunt,
1175 847 1274 880 tanto
1287 844 1408 891 magis
1420 843 1596 891 bonorifi-

0 964 1 968 ,
51 907 93 937 0·
267 913 440 948 cenciores
471 913 510 948 in
540 912 620 948 celo.
676 912 727 949 Et
756 924 804 949 ne
828 912 1000 949 videatur
1024 912 1227 950 excludere
1252 925 1381 950 veram
1412 912 1596 950 honorifi-

216 991 255 1015 10
268 982 440 1019 cenciam
481 982 637 1031 regibus
675 989 713 1019 et
751 982 866 1019 seculi
906 983 1084 1020 divitibus
1127 983 1430 1031 impendendam
1469 988 1597 1020 narrat

266 1052 479 1090 secundum
511 1064 626 1101 quam
660 1052 824 1089 formam
858 1065 967 1102 reges
1006 1059 1095 1090 sunt
1133 1053 1332 1102 dupliciter
1371 1053 1597 1090 honorandi.

271 1122 350 1168 Qui
363 1122 485 1171 inquit
504 1123 711 1172 beneficium
732 1127 929 1171 temporum
952 1124 1085 1160 habent
1102 1124 1141 1160 in
1161 1123 1387 1171 ampliandis
1390 1124 1597 1172 facultati·
1612 1122 1650 1149 So
1662 1123 1736 1155 good
1752 1122 1851 1155 mags,

1610 1156 1666 1181 like
1680 1157 1759 1182 those
1772 1157 1836 1182 who

265 1194 341 1238 bus,
362 1194 401 1229 si
420 1206 455 1229 se
482 1192 720 1241 cognoscant¹
745 1197 778 1230 et
803 1194 1014 1242 intelligant
1037 1194 1097 1230 dei
1112 1194 1340 1239 voluntatem,
1370 1195 1439 1242 qui
1459 1198 1597 1230 terram
1611 1189 1872 1255 ffissssffi‘fss‘ffifigs,

1611 1265 1658 1282 are
1671 1257 1782 1288 worthy
1795 1256 1828 1282 of

266 1263 429 1301 omnibus
452 1264 550 1300 dedit
569 1268 603 1300 et
622 1264 728 1300 solem
753 1276 859 1300 suum
885 1265 1024 1300 cunctis
1053 1265 1156 1301 oriri
1180 1264 1283 1310 iubet,
1311 1269 1345 1300 et
1359 1265 1515 1312 pluvias
1541 1265 1598 1301 in·
1611 1289 1714 1316 double
1726 1290 1843 1316 honour.

216 1343 253 1376 15
268 1334 443 1371 discretas
468 1334 631 1383 effundit,
656 1335 834 1381 iniquitas
858 1338 975 1371 autem
1001 1335 1169 1382 temporis
1192 1338 1260 1371 aut
1265 1334 1427 1384 fortune
1450 1334 1598 1382 quibus-

49 1407 129 1438 Fol.
142 1408 212 1438 109
226 1416 258 1437 a·
270 1405 354 1441 dam
374 1404 531 1452 abnegat
547 1417 612 1452 que
634 1402 651 1422 *
669 1405 754 1440 deus
774 1404 937 1441 omnibus
952 1405 1055 1441 dedit.
1095 1404 1172 1441 Sed
1181 1405 1397 1453 temporalia
1412 1405 1604 1441 ministrat

266 1475 452 1520 divitibus,
474 1478 516 1511 ut
524 1475 750 1523 perficientes
770 1475 831 1511 dei
844 1475 1061 1511 voluntatem
1082 1487 1153 1511 non
1172 1476 1288 1512 solum
1311 1476 1350 1511 in
1371 1475 1515 1520 mundo,
1541 1475 1605 1511 sed

265 1546 378 1582 eciam
405 1546 444 1581 in
471 1546 541 1582 celo
571 1546 700 1582 divites
729 1546 814 1590 sint,
842 1558 884 1582 ne
905 1547 1028 1593 pauci
1048 1546 1216 1594 temporis
1239 1546 1372 1582 divicz'e
1397 1545 1604 1582 excludant

265 1620 415 1652 eternas.
447 1615 577 1661 Tales,
600 1615 771 1664 inquam,
794 1615 944 1652 mundo
969 1615 1102 1652 divites
1123 1622 1212 1653 sunt
1233 1615 1434 1664 dupliciter
1453 1614 1599 1651 honor-

213 1701 254 1724 20
268 1685 379 1722 andi:
410 1685 534 1723 honor
554 1685 657 1722 enim
678 1696 890 1733 pauperum
907 1685 994 1734 plus
1014 1685 1272 1722 virtuosorum
1293 1691 1352 1722 est
1372 1684 1544 1722 securior
1563 1690 1600 1722 et

266 1755 486 1805 simpliciter
516 1755 650 1801 maior,
673 1761 714 1791 ut
737 1756 883 1804 patebit
907 1755 1073 1802 inferius,
1094 1755 1196 1793 unde
1227 1756 1401 1805 sequitur
1427 1755 1467 1791 in
1491 1760 1600 1793 textu

265 1822 471 1874 Augustini
487 1839 495 1863 ε
517 1825 591 1862 Illi
605 1838 688 1862 vero
707 1839 794 1874 quos
804 1828 1039 1874 paupertatis
1058 1839 1171 1863 causa
1191 1827 1431 1874 despiciendos
1450 1828 1600 1875 quidam

256 1901 405 1945 putant,
432 1898 471 1933 si
483 1895 663 1944 futurum
698 1897 758 1932 dei
785 1897 962 1933 iudicium
994 1898 1276 1945 contemplentur
1309 1897 1481 1934 videbunt
1507 1897 1606 1945 quod

267 1968 345 2004 illic
367 1974 504 2015 semper
527 1967 655 2004 dimtes
679 1970 790 2004 erunt
810 1967 878 2004 ubi
894 1967 1023 2004 divites
1042 1969 1158 2004 seculi
1176 1968 1335 2016 egebunt,
1352 1969 1548 2016 penitentes
1567 1981 1602 2004 se

215 2051 253 2083 ²5
259 2044 440 2086 pauperes
467 2050 538 2074 non
549 2037 688 2086 fuisse.
746 2036 876 2074 Nemo
899 2037 1027 2087 itaque
1055 2037 1211 2075 habebit
1238 2050 1405 2088 regnum
1429 2037 1602 2075 celorum

50 2111 146 2144 Matt.
162 2122 194 2143 v.
212 2120 242 2151 3.
272 2108 342 2145 nisi
361 2108 523 2145 finaliter
542 2104 718 2144 habuerit
738 2113 1006 2156 paupertatem
1029 2109 1194 2157 spiritus,
1213 2109 1261 2146 de
1281 2120 1359 2158 qua
1380 2107 1519 2145 Matth.
1540 2120 1573 2144 v.

0 2161 1 2164 Ἴ
324 2178 395 2215 Est
433 2178 545 2227 igitur
578 2177 704 2215 honor
737 2177 961 2215 tribuendus
994 2179 1231 2216 secularibus
1269 2179 1423 2217 alterius
1462 2178 1603 2228 speciei
1615 2186 1667 2212 We
1679 2186 1751 2212 have
1766 2187 1831 2213 thus

270 2260 388 2298 quarn
426 2248 550 2286 honor
584 2260 700 2296 quem
735 2247 999 2285 sacerdotibus
1034 2248 1149 2286 Cristi
1188 2249 1400 2286 tribuimus.
1457 2249 1509 2286 Et
1548 2249 1601 2286 sic
1614 2220 1885 2279 ῗῗὲἑιέῑῗῗνῑῗέιῗιῗτ

1615 2287 1663 2312 the
1675 2287 1784 2313 honour
1796 2287 1851 2312 due

269 2319 395 2356 honor
429 2318 617 2356 sensibilis
650 2318 690 2354 in
724 2329 801 2367 quo
842 2318 1089 2356 comunicant
1122 2324 1180 2357 est
1211 2319 1402 2369 copiosius
1434 2318 1601 2356 dominis
1614 2320 1883 2385 {giffsffissgeater'

217 2401 259 2432 30
271 2388 503 2427 secularibus
543 2400 660 2437 quam
696 2388 959 2425 sacerdotibus
997 2389 1234 2426 tribuendus.
1294 2389 1436 2426 Honor
1473 2394 1601 2426 autem
1615 2385 1884 2446 &ffedtijgnfflglgigsg

270 2459 337 2509 qui
368 2458 555 2496 sacerdoti
585 2465 643 2494 est
672 2458 849 2506 proprius
878 2464 935 2495 est
964 2471 1197 2508 quocunque
1227 2459 1375 2497 honore
1404 2458 1603 2496 mundano
1615 2453 1735 2479 h⁰¹¹0¹²‘·

271 2528 511 2578 prestantior.
568 2528 618 2564 Et
652 2528 706 2565 sic
744 2527 1009 2577 sophisticanti
1047 2534 1084 2566 et
1123 2529 1380 2567 consideranti
1419 2528 1526 2578 quod
1564 2529 1603 2565 in

272 2599 479 2648 generibus
517 2598 633 2635 latent
671 2598 993 2647 equivocaciones
1027 2598 1195 2647 placeret
1242 2599 1458 2637 concedere
1497 2598 1603 2648 quod

275 2669 441 2718 dignitas
478 2668 617 2717 regalis
656 2669 702 2705 sit
740 2668 924 2717 dignitate
963 2669 1198 2718 episcopali2
1228 2669 1478 2719 prestancior‚
1513 2669 1604 2718 quia

319 2755 327 2773 ³
356 2759 588 2796 recognoscant
605 2759 668 2795 pro
684 2764 717 2785 se
733 2759 944 2795 cognoscant,
961 2763 994 2792 A,
1015 2763 1045 2786 B.
1093 2756 1170 2797 quia
1186 2761 1249 2797 pro
1273 2756 1341 2797 qui,
1359 2763 1394 2796 A,
1413 2763 1442 2785 Β.
1488 2758 1522 2787 et
1538 2759 1605 2795 pro

276 2810 341 2845 aut,
359 2814 393 2837 A.
496 2806 507 2823 ²
531 2806 705 2847 temporali
714 2811 778 2847 pro
794 2805 986 2847 episcopali,
1007 2814 1036 2837 Β.
