2051 3299
184 217 264 270 278
886 226 949 258 DE
981 226 1174 260 OFFICIO
1207 227 1363 260 REGIS.

461 330 572 367 tinxit
603 330 798 367 caritatem
829 331 867 367 in
897 332 950 369 eis
980 339 1020 369 ut
1049 333 1103 370 eis
1133 333 1251 370 active
1287 332 1502 371 contrarius
1537 331 1604 369 sed
1636 324 1791 369 adauxit

461 402 643 440 continue
670 414 793 452 usque
816 400 865 440 ad
893 410 1069 441 mortem.
1126 404 1221 442 Ideo
1250 403 1472 454 postpositis
1501 403 1680 440 omnibus
1709 402 1792 439 aliis

462 478 596 522 gentes
625 473 864 522 singulariter
893 480 1080 523 ponerent
1109 486 1218 523 spem
1248 474 1287 511 in
1316 472 1408 524 illo.)
1465 473 1580 511 Unde
1601 473 1632 510 si
1653 472 1792 510 fuerint

462 543 564 580 mille
593 542 786 593 pedagogi
814 544 985 582 dicentes
1009 544 1109 582 facto
1130 545 1273 594 scripto
1293 544 1351 581 vel
1372 556 1438 581 ore
1458 542 1563 593 quod
1584 548 1641 581 est
1670 542 1793 580 taliter

461 613 682 651 faciendum
713 626 793 652 non
824 614 1056 653 moveamini
1088 627 1161 652 nec
1192 615 1336 652 abeatis
1374 614 1448 652 fide
1487 613 1699 652 affeccione
1732 612 1823 652 vel5

180 686 315 714 Christis
329 696 380 713 our
460 697 576 734 opere
598 682 617 703 *
640 685 711 723 nisi
732 685 780 722 de
809 692 956 734 quanto
984 685 1183 723 docuerint
1204 685 1342 722 imitari
1368 684 1540 722 Cristum
1563 684 1792 733 magistrum
1806 685 1853 715 56
1871 685 1905 714 d-

181 727 286 747 master
299 722 355 747 and

179 755 411 820 ffffiiinssi'sses.
460 755 651 805 optimum
671 762 708 793 et
729 756 908 794 abbatem
929 756 1050 794 tocius
1070 755 1213 793 ordinis
1243 755 1422 793 cristiani.
1478 754 1529 792 Et
1550 755 1603 792 sic
1623 754 1793 803 intelligo
1807 756 1848 785 '1'-

179 821 394 881 ffiggtsiaassgssffi
406 830 448 848 we
461 826 660 864 decretum
684 826 786 864 beati
812 826 992 876 Cypriani
1019 826 1191 876 positum
1224 826 1273 863 di.
1305 825 1378 863 viii,
1451 824 1502 863 Si
1522 826 1633 871 solus,
1659 824 1792 874 inquit,
1807 825 1937 856 Decret.

180 889 283 915 ΜΘΝ·
464 896 614 935 Crz'stus
637 897 841 934 audiendus
866 901 926 943 est,
948 909 1020 934 non
1041 896 1205 934 debemus
1224 896 1405 933 attendere
1436 896 1529 945 quid
1555 896 1693 945 aliquis
1712 899 1795 932 anie
1807 867 1950 952 ἔζη

459 981 524 1005 nos
543 968 770 1017 faciendum
799 968 1003 1017 putaverit,
1036 968 1101 1005 sed
1128 967 1230 1016 quid,
1262 967 1331 1015 qui
1360 971 1442 1003 ante
1471 979 1536 1003 nos
1573 978 1692 1003 omnes
1728 970 1789 1012 est,
1808 980 1848 1004 10

463 1038 623 1083 Crzktus,
640 1038 751 1087 prior
762 1039 917 1088 fecerit.
974 1037 1102 1087 Neque
1127 1038 1221 1075 enim
1248 1037 1408 1074 hominis
1427 1036 1716 1074 consuetudinem
1739 1048 1793 1073 se-

459 1110 528 1158 qui
560 1113 705 1158 oportet,
743 1110 808 1146 sed
843 1109 920 1146 Dei
953 1109 1152 1153 veritatem,
1191 1120 1274 1145 cum
1307 1114 1377 1156 per
1404 1107 1581 1144 I'esaiam
1619 1107 1918 1155 loquatur(Matt.
1935 1122 1986 1143 xv.

1807 1155 1854 1196 9-)

459 1180 627 1217 dominus
647 1179 790 1217 dicens¹
809 1193 817 1217 :
849 1183 870 1199 “
886 1179 976 1217 Sine
994 1192 1110 1216 causa
1130 1179 1255 1216 colunt
1271 1190 1335 1224 me,
1357 1178 1534 1215 mandata
1553 1181 1588 1214 el
1604 1177 1794 1214 doctrinas
1806 1199 1849 1230 15·
1861 1198 1947 1229 xxix.
1961 1206 2011 1238 13·

459 1251 646 1287 hominum
667 1247 859 1287 docentes.''
928 1249 979 1287 Et
1002 1250 1074 1287 ista
1100 1249 1296 1287 sentencia
1321 1254 1493 1286 moveret
1524 1247 1656 1285 fideles
1686 1252 1792 1296 post-

457 1321 594 1371 positis
614 1321 792 1358 humanis
821 1320 971 1370 legibus
1002 1326 1039 1357 et
1070 1320 1243 1358 censuris
1267 1318 1466 1356 intendere
1495 1318 1569 1366 legi
1596 1317 1671 1355 Dei
1699 1329 1790 1355 cum
1808 1328 1845 1360 15

458 1403 576 1430 nemo
604 1391 718 1429 debet
743 1391 1013 1429 obedienciam
1044 1391 1116 1428 nisi
1142 1390 1206 1428 illi.
1263 1389 1379 1427 Unde
1403 1394 1565 1438 peccant
1595 1388 1661 1437 qui
1686 1393 1795 1437 post-

457 1468 610 1512 ponunt
630 1461 756 1511 legem
776 1468 814 1499 et
833 1462 933 1499 facta
950 1461 1076 1508 Cristi‚
1095 1462 1303 1511 probantes
1320 1471 1480 1497 assensu
1497 1458 1613 1496 nimis
1640 1458 1795 1496 sinistro

459 1532 566 1582 quod
598 1532 785 1570 debemus
817 1533 1057 1582 privilegiare
1096 1531 1262 1570 fovendo
1301 1530 1542 1568 facinorosos
1575 1529 1616 1566 in
1653 1528 1795 1567 nostris

458 1603 628 1641 ecclesiis
652 1603 742 1652 quia
765 1603 938 1641 infideles
964 1603 1158 1652 principes
1187 1602 1279 1640 false
1309 1608 1346 1639 et
1376 1600 1585 1650 irreligiose
1619 1599 1673 1638 sic
1694 1599 1795 1637 fece-

178 1678 204 1703 T
206 1687 222 1704 0
235 1686 322 1710 argue
334 1677 404 1715 frqm
458 1681 546 1712 runt
561 1686 649 1712 cum
665 1673 791 1723 ydolis
803 1674 935 1723 templi
949 1674 1019 1711 sui.
1075 1673 1151 1710 Alii
1166 1679 1293 1711 autem
1308 1677 1473 1720 arguunt
1489 1671 1594 1722 quod
1609 1670 1795 1708 debemus
1810 1677 1851 1702 20

179 1712 227 1737 the
240 1720 351 1737 success
363 1720 391 1737 in

177 1745 363 1810 ἒῇξξῑεζξξνὴο
376 1778 447 1804 have
460 1744 632 1783 conferre
653 1744 813 1782 ecclesie
833 1744 1095 1782 substanciam
1116 1750 1195 1781 tarn
1215 1742 1400 1780 mobilem
1421 1753 1538 1791 quam
1558 1740 1795 1785 inmobilem,

178 1812 276 1837 ‘'Owed
290 1812 402 1837 endOW·
460 1828 508 1853 eo
528 1815 634 1865 quod
654 1815 848 1865 principes
867 1814 1136 1864 prevaluerunt
1155 1814 1195 1850 in
1215 1813 1323 1850 bellis
1344 1811 1501 1862 quando
1521 1810 1716 1860 copiosius
1743 1811 1796 1848 sic

180 1851 270 1871 ments
284 1845 306 1871 is

178 1878 401 1945 {ffgssff‘mmedan
460 1887 642 1924 fecerunt.
701 1885 763 1924 Sic
792 1886 896 1923 enim
923 1891 1089 1934 arguunt
1111 1883 1309 1921 Sarraceni
1330 1882 1436 1933 quod
1456 1881 1683 1919 Machomet
1705 1892 1795 1930 pro—

460 1957 577 2007 pheta
593 1969 728 1995 eorum
753 1957 843 1995 Iesu
870 1962 1004 1994 nostro
1032 1960 1090 1993 est
1120 1953 1361 2004 prestancior
1388 1964 1478 1991 cum
1499 1951 1548 1989 ad
1568 1951 1795 1989 oracionum

460 2040 617 2066 suarum
652 2027 883 2065 instanciam
910 2038 1007 2076 gens
1034 2037 1104 2063 sua
1133 2030 1286 2074 superat
1317 2023 1529 2061 cristianos.
1584 2021 1795 2059 Evidencia
1811 2036 1849 2069 25

460 2100 589 2147 itaque
611 2098 708 2136 foret
728 2098 836 2147 quod
856 2098 908 2135 ob
928 2096 1176 2134 dotacionem
1193 2095 1310 2132 talem
1331 2105 1464 2132 sumus
1483 2093 1647 2131 cariores
1662 2092 1749 2131 Deo
1766 2093 1796 2130 si

460 2169 599 2206 exinde
629 2180 855 2218 superamus
890 2167 1019 2205 hostes
1051 2166 1190 2212 anime,
1217 2166 1247 2203 si
1280 2164 1422 2202 exinde
1452 2163 1723 2201 habundamus
1756 2162 1797 2200 in

460 2252 557 2289 pace
589 2245 626 2277 et
654 2244 878 2289 paupertate
909 2237 1082 2284 ecclesie,
1112 2243 1150 2274 et
1177 2236 1339 2274 omnino
1372 2235 1402 2273 si
1430 2234 1569 2272 exinde
1599 2244 1796 2271 servamus

461 2309 621 2348 consilia
652 2309 781 2359 regule
817 2308 1020 2349 Cristiane.
1078 2303 1200 2345 Aliter
1232 2307 1336 2344 enim
1370 2312 1426 2343 est
1461 2304 1565 2343 scola
1583 2304 1676 2354 filia
1708 2317 1796 2341 san-

457 2381 619 2428 guisuge
639 2391 713 2429 que
741 2378 957 2415 inordinate
984 2382 1197 2426 congregat
1225 2381 1262 2413 et
1286 2374 1434 2413 mandit
1459 2373 1643 2423 pabulum
1668 2373 1797 2422 gregis
1811 2388 1853 2453 {0
1895 2419 1930 2452 1⁰

1831 2432 1855 2453 s.
1873 2432 1893 2452 x
1910 2431 1942 2452 11.
1959 2431 1992 2463 4.

181 2455 404 2515 ἓιὲτῃῐὲῗὲἓὲῖἰη
463 2450 656 2488 dominici.
715 2449 855 2486 Tercio
884 2460 975 2485 vero
1005 2453 1162 2485 notatur
1191 2448 1229 2484 in
1258 2445 1467 2496 prophecia
1495 2443 1587 2481 Yes.
1618 2456 1666 2490 42
1700 2455 1796 2494 quo·
1810 2467 1855 2496 V.

180 2524 274 2556 Jews·
462 2521 581 2558 modo
603 2532 675 2558 nos
701 2525 837 2569 gentes
856 2519 896 2556 in
917 2518 1075 2556 nomine
1103 2518 1191 2555 Iesu
1211 2517 1424 2566 specialiter
1444 2526 1686 2566 speraremus
1706 2513 1795 2564 quia
1812 2508 1925 2548 (Matt.
1943 2506 1999 2539 xii·

461 2597 620 2640 propter
639 2597 774 2639 gentes
795 2588 997 2627 salvandas
1017 2588 1085 2626 fuit
1108 2588 1321 2638 specialiter
1344 2587 1562 2625 incarnatus
1582 2591 1624 2623 ut
1641 2584 1796 2634 spissim
1811 2552 1878 2592 π’)

461 2663 574 2699 docet
590 2661 787 2712 apostolus
803 2661 917 2699 Rom.
936 2671 995 2709 15.
1053 2659 1103 2697 Et
1123 2666 1226 2709 patet
1246 2671 1293 2696 ex
1315 2657 1536 2696 auctoritate
1556 2657 1636 2694 ista.
1694 2655 1795 2693 Cum
1810 2664 1906 2696 Rom.
1922 2674 1972 2695 xv.
1985 2663 2015 2698 8,

461 2733 564 2771 enim
604 2733 651 2771 sit
689 2732 832 2771 electus
871 2744 917 2769 ex
958 2731 1124 2768 millibus
1170 2729 1381 2767 secundum
1428 2728 1719 2772 humanitatem,
1759 2731 1795 2763 et
1830 2733 1848 2764 5

984 2821 993 2843 ¹
1020 2822 1142 2862 dicenS,
1159 2832 1218 2854 om.
1237 2829 1269 2853 Α.
