2051 3299
671 252 737 284 DE
768 251 961 285 OFFICIO
994 249 1149 283 REGIS.
1780 244 1856 289 251

257 368 421 407 capaces
450 356 534 394 talis
562 355 766 405 imperialis
795 356 999 405 regiminis.
1055 355 1151 393 Ideo
1171 366 1251 392 non
1271 360 1328 392 est
1348 352 1582 392 conveniens

255 435 298 465 ut
317 428 475 466 aliarum
494 434 677 465 terrarum
698 438 829 465 earum
858 426 1062 472 subieccio‚
1080 433 1121 465 ‘et
1150 425 1362 475 specialiter
1391 425 1422 462 si
1451 430 1584 474 petunt

256 500 486 536 exacciones
534 498 675 548 rigidas
724 498 806 535 sine
854 497 929 535 hoc
972 495 1076 546 quod
1123 495 1397 533 dominativam
1444 495 1584 532 faciant
1598 501 1628 527 If
1637 500 1683 527 the
1696 500 1811 534 Empire

1595 544 1667 567 gave
1681 544 1713 560 us
1722 533 1768 560 the
1782 536 1864 561 bene-

256 580 560 618 recompensam.
616 568 692 606 Sed
711 568 859 605 videtur
887 567 1004 617 quod,
1026 567 1225 616 supposito
1255 566 1462 616 protectivo
1486 566 1584 614 regi·
1596 568 1835 628 {iggnfsffigeguvlge

225 649 243 681 5
257 639 372 685 mine,
394 639 534 676 debent
552 638 718 688 predicte
742 639 863 675 insule
891 637 1234 687 proporcionaliter
1264 637 1418 674 obedire
1429 634 1452 682 ¹,
1474 643 1511 674 et
1530 636 1583 674 sic
1595 636 1771 701 ffigfggtffie
1784 645 1836 662 01¹¹·

256 710 431 747 membra
449 709 646 758 aggregati
674 709 912 758 imperatoris
939 708 1009 746 sibi
1028 708 1118 758 ipsis
1138 707 1294 746 obedire
1322 708 1527 757 reciproce,
1548 713 1585 745 et
1598 725 1653 752 For
1665 735 1700 751 a„
1712 725 1850 758 Emperor

257 787 391 818 contra
428 780 631 817 ecclesiam
667 779 969 829 malignancium
1010 786 1145 816 mutuo
1194 791 1233 816 se
1274 778 1412 815 iuvare.
1481 777 1584 814 Nam
1596 759 1782 819 ζῖἒῑῖξῗξῗιξξ

256 850 440 900 quamdiu
460 857 589 888 manet
609 850 766 889 civilitas
788 850 1005 888 sublunaris
1034 856 1071 887 et
1099 850 1222 888 clerus
1252 850 1306 887 sic
1337 849 1479 898 aspirat
1510 826 1692 887 adffiffiil
1705 827 1826 853 omnn-

257 928 449 959 terrenum
483 921 697 959 dominium
735 933 894 959 necesse
932 927 990 958 est
1027 920 1076 958 de
1106 920 1266 958 terrenis
1300 919 1467 958 dominis
1504 931 1588 957 esse

207 1001 246 1024 10
259 1005 377 1029 unum
397 992 667 1041 imperatorem
692 998 916 1041 agregatum
936 991 985 1029 ad
1004 991 1277 1029 refrenandum
1307 991 1590 1028 anticristinum

259 1063 392 1101 dolum
415 1063 625 1113 quemlibet
645 1075 735 1100 cum
755 1075 825 1100 suo
846 1062 947 1100 fideli
967 1063 1154 1100 adiutorio
1180 1075 1248 1112 per
1268 1074 1380 1099 suurn
1403 1062 1589 1111 regimen.

259 1134 344 1172 Nec
365 1134 445 1171 sine
465 1133 730 1171 destruccione
750 1133 807 1170 vel
837 1133 972 1171 saltem
1000 1133 1244 1183 mitigacione
1273 1133 1386 1170 huius
1416 1132 1587 1169 simulate
1599 1138 1652 1164 We
1665 1147 1728 1165 now
1740 1147 1786 1164 see
1798 1138 1851 1165 ful-

259 1205 409 1242 malicie
426 1205 538 1242 stabit
554 1216 730 1253 regnum.
785 1203 899 1241 Unde
917 1211 1072 1254 apparet
1088 1204 1419 1242 considerantibus
1435 1215 1588 1241 cursum
1599 1172 1791 1239 {lrlgghlgcsshei
1802 1182 1853 1233 {he

260 1276 442 1325 scripture
462 1281 499 1312 et
520 1281 659 1312 statum
679 1274 838 1313 ecclesie
859 1275 906 1312 de
926 1275 1088 1324 imperio
1108 1282 1145 1313 et
1165 1276 1294 1324 regnis
1325 1275 1458 1312 ceteris
1485 1274 1593 1324 quod
1604 1240 1783 1300 {ffirffi'the

208 1352 246 1384 15
260 1359 329 1396 per
362 1345 640 1383 inmixcionem
671 1345 866 1383 luciferine
886 1353 923 1383 et
943 1346 1178 1383 anticristine
1207 1344 1352 1383 heresis
1372 1352 1551 1395 usurpate
1572 1356 1595 1381 a

261 1417 524 1455 sacerdotibus
570 1416 735 1453 multum
782 1417 1059 1466 perturbantur,
1104 1416 1211 1466 quod
1248 1416 1394 1454 videtur
1440 1416 1595 1454 cuidam

45 1491 132 1522 Dan.
150 1489 183 1521 ii·
196 1499 247 1530 40-
263 1489 412 1527 doctori
440 1487 711 1537 prophetatum
739 1486 841 1525 Dan.
875 1495 928 1525 20.
985 1488 1074 1537 Ipse
1104 1488 1207 1525 enim
1235 1488 1290 1524 vir
1318 1487 1595 1525 desideriorum

46 1563 89 1592 51
105 1570 135 1592 e·
263 1562 283 1584 ’¹‘
304 1559 547 1610 prophetavit
567 1559 785 1609 expressius
806 1559 853 1596 de
874 1565 974 1597 statu
993 1559 1164 1597 ecclesie.
1222 1558 1338 1596 Unde
1359 1558 1595 1608 prophetans

263 1630 311 1668 de
334 1629 525 1680 quatuor3
552 1630 786 1668 monarchiis
814 1630 853 1667 in
882 1636 1005 1668 statua
1025 1629 1390 1668 Nabuchodonosor
1410 1628 1595 1680 (ostenset

211 1714 252 1737 20
265 1701 407 1739 scilicet
439 1701 686 1747 Assiriorum‚
719 1700 938 1747 Medorum,
974 1700 1201 1748 Grecorum,
1235 1706 1272 1737 et
1308 1699 1593 1751 Romanorum)

264 1772 319 1810 Sic
349 1772 515 1820 loquitur
536 1771 582 1809 de
602 1778 736 1809 nostro
766 1783 930 1810 romano
958 1771 1142 1821 imperio:
1172 1770 1229 1808 Et
1247 1783 1400 1819 regnum
1420 1775 1595 1820 quartum

263 1845 336 1881 erit
353 1844 453 1882 velut
462 1843 622 1893 serrum
636 1856 649 1880 .·
676 1844 846 1892 quomodo
859 1843 1018 1893 ferrum
1039 1843 1252 1880 comminuit
1272 1843 1395 1879 omnia
1415 1846 1449 1879 et
1474 1843 1599 1879 domat

263 1914 317 1951 sic
331 1915 535 1951 conminuet
550 1918 584 1950 et
599 1913 795 1950 convertet⁴²
811 1915 933 1950 omnia
951 1913 1025 1951 hec.
1072 1913 1199 1951 Porro
1212 1915 1300 1962 quia
1320 1913 1454 1950 vidisti
1458 1914 1594 1962 pedum

265 1988 300 2021 et
326 1985 539 2033 dzgz'ttorum
561 1988 704 2021 testeam
723 1988 872 2033 partem
891 1984 1016 2034 figuli
1031 1989 1063 2022 et
1072 1989 1219 2033 partem
1230 1985 1420 2034 ferream,
1441 1996 1595 2033 regnum

213 2065 252 2098 25
266 2055 429 2092 dz'm'sum
449 2056 530 2101 erit,
551 2056 650 2104 quod
664 2060 783 2092 tamen
803 2056 844 2091 de
867 2056 1060 2104 plantario
1073 2056 1190 2106 ferri
1205 2057 1344 2093 orietur
1357 2055 1381 2101 ⁵,
1403 2056 1598 2092 secundum

265 2126 365 2175 quod
387 2126 687 2176 vidistifirrum
707 2127 870 2164 mixtum
896 2139 947 2164 ex
967 2127 1041 2163 luto
1060 2131 1093 2163 et
1108 2131 1190 2163 teste
1202 2127 1214 2147 ‘³
1233 2130 1268 2163 et
1293 2127 1442 2175 digittos
1462 2127 1597 2175 pedum

265 2209 316 2234 ex
348 2200 456 2245 parte
476 2197 629 2246 ferreos
662 2201 696 2234 el
724 2210 775 2234 ex
803 2202 915 2246 parte
941 2197 1091 2246 fictiles,
1122 2211 1173 2235 ex
1201 2202 1315 2247 parte
1348 2210 1499 2245 regnum
1529 2197 1602 2233 erit

265 2267 433 2313 solidum,
465 2272 498 2304 et
528 2280 580 2305 ex
604 2272 717 2316 parte
746 2270 953 2305 contritum.
1014 2268 1123 2314 Quod
1147 2273 1265 2305 autem
1295 2269 1426 2305 vidisti
1438 2268 1595 2316 serrum

267 2340 429 2376 mixtum
450 2343 531 2375 teste
549 2351 600 2376 ex
626 2339 711 2385 luto,
733 2339 1047 2376 conmiscebuntur
1073 2340 1216 2388 quidem
1244 2339 1405 2376 humano
1431 2340 1564 2375 semine
1575 2351 1594 2382 ,·

214 2426 257 2458 30
267 2410 333 2446 sed
357 2422 429 2446 non
460 2409 685 2446 adherebunt
701 2410 782 2455 sibi,
802 2411 901 2446 sicut
911 2410 1071 2459 serrum
1102 2411 1254 2447 misceri
1278 2422 1350 2446 non
1370 2414 1489 2459 potest
1514 2422 1595 2446 cum

268 2484 368 2517 testa.
424 2479 476 2517 In
495 2480 620 2517 diebus
639 2484 757 2517 autem
777 2493 974 2529 regnorum
995 2481 1145 2519 illorum
1153 2481 1178 2526 ⁷,
1200 2481 1393 2517 suscitabit
1408 2479 1512 2517 Deus
1531 2481 1601 2517 celi

270 2563 425 2600 regnum
445 2551 544 2599 quod
566 2552 605 2587 in
625 2555 784 2587 eternum
805 2564 876 2588 non
896 2551 1147 2600 dissipabitur,
1167 2555 1201 2588 et
1217 2564 1372 2600 regnum
1392 2551 1468 2587 eius
1488 2551 1603 2588 alteri

3 2630 4 2664 1
263 2623 400 2671 populo
433 2635 505 2659 non
536 2622 705 2659 tradetur
716 2636 736 2667 ;
777 2623 983 2659 conminuet
1006 2627 1040 2659 et
1067 2627 1249 2660 consumet
1276 2623 1452 2660 universa
1481 2635 1598 2672 regna

314 2745 324 2766 ¹
347 2747 469 2779 Verba:
494 2751 526 2779 et
543 2747 589 2779 sic
607 2771 613 2777 .
632 2772 639 2778 .
658 2771 665 2778 .
683 2747 764 2788 ipsis
781 2747 925 2785 obedire,
943 2757 1004 2778 om.
1022 2755 1055 2779 Α.
1145 2746 1157 2764 ²
1173 2751 1218 2786 at,
1236 2754 1271 2787 A,
1286 2756 1325 2784 133
1349 2748 1402 2786 ad,
1414 2757 1496 2778 corr.
1510 2747 1598 2780 Edd.

270 2797 282 2815 ³
298 2804 459 2840 quattuor,
477 2809 536 2831 om.
556 2807 589 2830 A.
657 2798 669 2816 4
685 2804 862 2839 convertet,
879 2807 913 2839 A,
933 2807 971 2835 B3
995 2800 1037 2830 al.
1056 2810 1144 2830 man.
1163 2804 1254 2839 teret,
1271 2807 1302 2832 Β.
1369 2800 1381 2817 5
1400 2799 1547 2839 orientur,
1563 2808 1597 2831 A.

270 2849 282 2866 ⁶
305 2854 397 2887 testa,
415 2858 446 2881 Β.
545 2849 557 2867 ⁷
580 2851 725 2887 istorum,
743 2859 773 2883 B.
