<?xml version="1.0" encoding="UTF-8"?>
<!DOCTYPE html PUBLIC "-//W3C//DTD XHTML 1.0 Transitional//EN"
    "http://www.w3.org/TR/xhtml1/DTD/xhtml1-transitional.dtd">
<html xmlns="http://www.w3.org/1999/xhtml" xml:lang="en" lang="en">
 <head>
  <title>
</title>
<meta http-equiv="Content-Type" content="text/html;charset=utf-8" />
  <meta name='ocr-system' content='tesseract 3.04.00' />
  <meta name='ocr-capabilities' content='ocr_page ocr_carea ocr_par ocr_line ocrx_word'/>
</head>
<body>
  <div class='ocr_page' id='page_1' title='image "./tractatusdeoffic00wycl_0299.png"; bbox 0 0 2051 3299; ppageno 0'>
   <div class='ocr_carea' id='block_1_1' title="bbox 701 210 1882 264">
    <p class='ocr_par' dir='ltr' id='par_1_1' title="bbox 701 210 1882 264">
     <span class='ocr_line' id='line_1_1' title="bbox 701 210 1882 264; baseline -0.001 -14"><span class='ocrx_word' id='word_1_1' title='bbox 701 219 764 250; x_wconf 86' lang='lat' dir='ltr'>DE</span> <span class='ocrx_word' id='word_1_2' title='bbox 797 218 990 250; x_wconf 86' lang='lat' dir='ltr'>OFFICIO</span> <span class='ocrx_word' id='word_1_3' title='bbox 1024 218 1179 250; x_wconf 86' lang='lat' dir='ltr'>REGIS.</span> <span class='ocrx_word' id='word_1_4' title='bbox 1802 210 1882 264; x_wconf 82' lang='lat'>263</span> 
     </span>
    </p>
   </div>
   <div class='ocr_carea' id='block_1_2' title="bbox 277 322 1607 513">
    <p class='ocr_par' dir='ltr' id='par_1_2' title="bbox 277 322 1607 513">
     <span class='ocr_line' id='line_1_2' title="bbox 279 322 1605 372; baseline -0.001 -11"><span class='ocrx_word' id='word_1_5' title='bbox 279 323 381 361; x_wconf 92' lang='lat' dir='ltr'>dum.</span> <span class='ocrx_word' id='word_1_6' title='bbox 442 323 517 361; x_wconf 89' lang='lat' dir='ltr'>Sed</span> <span class='ocrx_word' id='word_1_7' title='bbox 538 335 611 361; x_wconf 93' lang='lat' dir='ltr'>nec</span> <span class='ocrx_word' id='word_1_8' title='bbox 631 336 677 361; x_wconf 86' lang='lat' dir='ltr'>ex</span> <span class='ocrx_word' id='word_1_9' title='bbox 698 323 948 370; x_wconf 84' lang='lat' dir='ltr'>revelacione,</span> <span class='ocrx_word' id='word_1_10' title='bbox 970 335 1041 360; x_wconf 91' lang='lat' dir='ltr'>nec</span> <span class='ocrx_word' id='word_1_11' title='bbox 1064 335 1112 360; x_wconf 92' lang='lat' dir='ltr'>ex</span> <span class='ocrx_word' id='word_1_12' title='bbox 1137 322 1211 360; x_wconf 89' lang='lat' dir='ltr'>fide</span> <span class='ocrx_word' id='word_1_13' title='bbox 1238 323 1434 372; x_wconf 78' lang='lat' dir='ltr'>scripture,</span> <span class='ocrx_word' id='word_1_14' title='bbox 1456 334 1527 360; x_wconf 91' lang='lat' dir='ltr'>nec</span> <span class='ocrx_word' id='word_1_15' title='bbox 1558 335 1605 361; x_wconf 88' lang='lat' dir='ltr'>ex</span> 
     </span>
     <span class='ocr_line' id='line_1_3' title="bbox 277 393 1607 443; baseline 0.001 -13"><span class='ocrx_word' id='word_1_16' title='bbox 277 393 362 443; x_wconf 85' lang='lat' dir='ltr'>lege</span> <span class='ocrx_word' id='word_1_17' title='bbox 391 394 625 442; x_wconf 84' lang='lat' dir='ltr'>inculpabili,</span> <span class='ocrx_word' id='word_1_18' title='bbox 646 393 761 431; x_wconf 90' lang='lat' dir='ltr'>habet</span> <span class='ocrx_word' id='word_1_19' title='bbox 792 394 846 431; x_wconf 87' lang='lat' dir='ltr'>sic</span> <span class='ocrx_word' id='word_1_20' title='bbox 878 405 1053 442; x_wconf 87' lang='lat' dir='ltr'>gwerans</span> <span class='ocrx_word' id='word_1_21' title='bbox 1079 405 1151 442; x_wconf 90' lang='lat' dir='ltr'>pro</span> <span class='ocrx_word' id='word_1_22' title='bbox 1180 393 1455 442; x_wconf 84' lang='lat' dir='ltr'>temporalibus</span> <span class='ocrx_word' id='word_1_23' title='bbox 1485 403 1607 443; x_wconf 89' lang='lat' dir='ltr'>usque</span> 
     </span>
     <span class='ocr_line' id='line_1_4' title="bbox 277 463 1607 513; baseline -0.001 -12"><span class='ocrx_word' id='word_1_24' title='bbox 277 464 326 501; x_wconf 88' lang='lat' dir='ltr'>ad</span> <span class='ocrx_word' id='word_1_25' title='bbox 358 464 666 502; x_wconf 88' lang='lat' dir='ltr'>interfeccionem</span> <span class='ocrx_word' id='word_1_26' title='bbox 705 464 871 513; x_wconf 85' lang='lat' dir='ltr'>proximi</span> <span class='ocrx_word' id='word_1_27' title='bbox 910 464 963 501; x_wconf 87' lang='lat' dir='ltr'>sie</span> <span class='ocrx_word' id='word_1_28' title='bbox 1005 475 1191 513; x_wconf 86' lang='lat' dir='ltr'>pugnare.</span> <span class='ocrx_word' id='word_1_29' title='bbox 1247 463 1353 513; x_wconf 88' lang='lat' dir='ltr'>Ergo</span> <span class='ocrx_word' id='word_1_30' title='bbox 1392 464 1607 502; x_wconf 89' lang='lat' dir='ltr'>secundum</span> 
     </span>
    </p>
   </div>
   <div class='ocr_carea' id='block_1_3' title="bbox 58 529 1606 584">
    <p class='ocr_par' dir='ltr' id='par_1_3' title="bbox 58 529 1606 584">
     <span class='ocr_line' id='line_1_5' title="bbox 58 529 1606 584; baseline 0.001 -13"><span class='ocrx_word' id='word_1_31' title='bbox 58 529 195 561; x_wconf 88' lang='lat' dir='ltr'>Aristot.</span> <span class='ocrx_word' id='word_1_32' title='bbox 275 534 401 584; x_wconf 86' lang='lat' dir='ltr'>legem</span> <span class='ocrx_word' id='word_1_33' title='bbox 433 541 567 571; x_wconf 84' lang='lat' dir='ltr'>nature</span> <span class='ocrx_word' id='word_1_34' title='bbox 597 534 672 572; x_wconf 92' lang='lat' dir='ltr'>hoc</span> <span class='ocrx_word' id='word_1_35' title='bbox 702 534 799 572; x_wconf 90' lang='lat' dir='ltr'>foret</span> <span class='ocrx_word' id='word_1_36' title='bbox 828 534 1013 572; x_wconf 88' lang='lat' dir='ltr'>illicitum.</span> <span class='ocrx_word' id='word_1_37' title='bbox 1071 533 1188 572; x_wconf 87' lang='lat' dir='ltr'>Unde</span> <span class='ocrx_word' id='word_1_38' title='bbox 1216 534 1440 572; x_wconf 89' lang='lat' dir='ltr'>Aristoteles</span> <span class='ocrx_word' id='word_1_39' title='bbox 1469 541 1536 572; x_wconf 90' lang='lat' dir='ltr'>ca0</span> <span class='ocrx_word' id='word_1_40' title='bbox 1557 533 1606 572; x_wconf 87' lang='lat' dir='ltr'>x¹</span> 
     </span>
    </p>
   </div>
   <div class='ocr_carea' id='block_1_4' title="bbox 58 572 1607 655">
    <p class='ocr_par' dir='ltr' id='par_1_4' title="bbox 58 572 1607 655">
     <span class='ocr_line' id='line_1_6' title="bbox 58 572 1607 655; baseline -0.003 -9"><span class='ocrx_word' id='word_1_41' title='bbox 58 572 128 647; x_wconf 58' lang='lat' dir='ltr'>{ea</span> <span class='ocrx_word' id='word_1_42' title='bbox 142 573 261 605; x_wconf 58' lang='lat' dir='ltr'><strong>beeret&#39;</strong></span> <span class='ocrx_word' id='word_1_43' title='bbox 275 612 520 651; x_wconf 87' lang='lat' dir='ltr'>secretorum,</span> <span class='ocrx_word' id='word_1_44' title='bbox 559 604 593 641; x_wconf 89' lang='lat' dir='ltr'><em>O</em></span> <span class='ocrx_word' id='word_1_45' title='bbox 625 604 862 642; x_wconf 81' lang='lat' dir='ltr'><em>Allexander</em></span> <span class='ocrx_word' id='word_1_46' title='bbox 886 605 1109 655; x_wconf 78' lang='lat' dir='ltr'><em>frequenter</em></span> <span class='ocrx_word' id='word_1_47' title='bbox 1146 607 1276 642; x_wconf 85' lang='lat' dir='ltr'><em>monui</em></span> <span class='ocrx_word' id='word_1_48' title='bbox 1299 604 1355 642; x_wconf 85' lang='lat' dir='ltr'>te2</span> <span class='ocrx_word' id='word_1_49' title='bbox 1393 609 1435 642; x_wconf 87' lang='lat' dir='ltr'><em>ut</em></span> <span class='ocrx_word' id='word_1_50' title='bbox 1460 611 1607 653; x_wconf 82' lang='lat' dir='ltr'>parcas</span> 
     </span>
    </p>
   </div>
   <div class='ocr_carea' id='block_1_5' title="bbox 273 675 1604 794">
    <p class='ocr_par' dir='ltr' id='par_1_5' title="bbox 273 675 1604 794">
     <span class='ocr_line' id='line_1_7' title="bbox 273 675 1604 725; baseline 0 -13"><span class='ocrx_word' id='word_1_51' title='bbox 273 677 490 724; x_wconf 74' lang='lat' dir='ltr'><em>sanguinem</em></span> <span class='ocrx_word' id='word_1_52' title='bbox 510 675 713 712; x_wconf 72' lang='lat' dir='ltr'><em>humanum</em></span> <span class='ocrx_word' id='word_1_53' title='bbox 733 676 923 725; x_wconf 79' lang='lat' dir='ltr'><em>effundere,</em></span> <span class='ocrx_word' id='word_1_54' title='bbox 946 676 1035 725; x_wconf 90' lang='lat' dir='ltr'>quia</span> <span class='ocrx_word' id='word_1_55' title='bbox 1056 675 1130 713; x_wconf 92' lang='lat' dir='ltr'>hoc</span> <span class='ocrx_word' id='word_1_56' title='bbox 1152 675 1222 713; x_wconf 91' lang='lat' dir='ltr'>soli</span> <span class='ocrx_word' id='word_1_57' title='bbox 1243 675 1318 713; x_wconf 93' lang='lat' dir='ltr'>deo</span> <span class='ocrx_word' id='word_1_58' title='bbox 1339 675 1519 713; x_wconf 90' lang='lat' dir='ltr'>convenit</span> <span class='ocrx_word' id='word_1_59' title='bbox 1539 675 1604 725; x_wconf 89' lang='lat' dir='ltr'>qui</span> 
     </span>
     <span class='ocr_line' id='line_1_8' title="bbox 273 745 1604 794; baseline 0.001 -12"><span class='ocrx_word' id='word_1_60' title='bbox 273 747 378 783; x_wconf 90' lang='lat' dir='ltr'>novit</span> <span class='ocrx_word' id='word_1_61' title='bbox 416 746 543 784; x_wconf 90' lang='lat' dir='ltr'>oculta</span> <span class='ocrx_word' id='word_1_62' title='bbox 590 746 774 784; x_wconf 88' lang='lat' dir='ltr'>cordium.</span> <span class='ocrx_word' id='word_1_63' title='bbox 843 745 943 783; x_wconf 75' lang='lat' dir='ltr'><em>Noli</em></span> <span class='ocrx_word' id='word_1_64' title='bbox 975 759 1061 794; x_wconf 74' lang='lat' dir='ltr'>ergo</span> <span class='ocrx_word' id='word_1_65' title='bbox 1099 746 1297 783; x_wconf 75' lang='lat' dir='ltr'>attribuere</span> <span class='ocrx_word' id='word_1_66' title='bbox 1333 746 1404 782; x_wconf 78' lang='lat' dir='ltr'><em>tibi</em></span> <span class='ocrx_word' id='word_1_67' title='bbox 1437 747 1604 783; x_wconf 70' lang='lat' dir='ltr'>divinum</span> 
     </span>
    </p>
   </div>
   <div class='ocr_carea' id='block_1_6' title="bbox 56 816 1869 1217">
    <p class='ocr_par' dir='ltr' id='par_1_6' title="bbox 56 816 1869 1217">
     <span class='ocr_line' id='line_1_9' title="bbox 273 816 1603 866; baseline 0 -13"><span class='ocrx_word' id='word_1_68' title='bbox 273 816 439 866; x_wconf 71' lang='lat' dir='ltr'><em>qfficium.</em></span> <span class='ocrx_word' id='word_1_69' title='bbox 516 818 622 855; x_wconf 85' lang='lat' dir='ltr'>Unde</span> <span class='ocrx_word' id='word_1_70' title='bbox 650 818 775 854; x_wconf 87' lang='lat' dir='ltr'><em>doctor</em></span> <span class='ocrx_word' id='word_1_71' title='bbox 802 818 973 865; x_wconf 68' lang='lat' dir='ltr'>egregins</span> <span class='ocrx_word' id='word_1_72' title='bbox 993 816 1243 865; x_wconf 78' lang='lat' dir='ltr'><em>Hermogenes</em></span> <span class='ocrx_word' id='word_1_73' title='bbox 1271 818 1425 865; x_wconf 75' lang='lat' dir='ltr'>scripsit</span> <span class='ocrx_word' id='word_1_74' title='bbox 1451 817 1572 854; x_wconf 87' lang='lat' dir='ltr'><em>dicens</em></span> <span class='ocrx_word' id='word_1_75' title='bbox 1584 831 1603 861; x_wconf 83' lang='lat'>,-</span> 
     </span>
     <span class='ocr_line' id='line_1_10' title="bbox 274 886 1604 937; baseline 0 -13"><span class='ocrx_word' id='word_1_76' title='bbox 274 890 282 906; x_wconf 85' lang='lat'><strong><em>⁴</em></strong></span> <span class='ocrx_word' id='word_1_77' title='bbox 301 886 454 933; x_wconf 83' lang='lat' dir='ltr'><em>Quando</em></span> <span class='ocrx_word' id='word_1_78' title='bbox 474 891 647 924; x_wconf 82' lang='lat' dir='ltr'><em>creatura</em></span> <span class='ocrx_word' id='word_1_79' title='bbox 668 887 844 937; x_wconf 88' lang='lat' dir='ltr'><em>interficit</em></span> <span class='ocrx_word' id='word_1_80' title='bbox 860 888 974 924; x_wconf 77' lang='lat' dir='ltr'><em>aliam</em></span> <span class='ocrx_word' id='word_1_81' title='bbox 995 886 1070 924; x_wconf 82' lang='lat' dir='ltr'><em>sibi</em></span> <span class='ocrx_word' id='word_1_82' title='bbox 1084 888 1252 933; x_wconf 75' lang='lat' dir='ltr'><em>similem,</em></span> <span class='ocrx_word' id='word_1_83' title='bbox 1274 888 1427 924; x_wconf 84' lang='lat' dir='ltr'>virtutes</span> <span class='ocrx_word' id='word_1_84' title='bbox 1447 889 1604 924; x_wconf 85' lang='lat' dir='ltr'><em>celorum</em></span> 
     </span>
     <span class='ocr_line' id='line_1_11' title="bbox 56 956 1605 1003; baseline 0 -9"><span class='ocrx_word' id='word_1_85' title='bbox 56 967 102 997; x_wconf 89' lang='grc'>53</span> <span class='ocrx_word' id='word_1_86' title='bbox 120 969 154 999; x_wconf 86' lang='lat' dir='ltr'>d.</span> <span class='ocrx_word' id='word_1_87' title='bbox 273 959 439 994; x_wconf 82' lang='lat' dir='ltr'><em>clamant</em></span> <span class='ocrx_word' id='word_1_88' title='bbox 463 958 516 994; x_wconf 84' lang='lat' dir='ltr'>ad</span> <span class='ocrx_word' id='word_1_89' title='bbox 543 959 709 994; x_wconf 82' lang='lat' dir='ltr'><em>divinam</em></span> <span class='ocrx_word' id='word_1_90' title='bbox 733 956 751 977; x_wconf 79' lang='lat'><strong><em>*</em></strong></span> <span class='ocrx_word' id='word_1_91' title='bbox 774 959 995 994; x_wconf 85' lang='lat' dir='ltr'>maiestatem</span> <span class='ocrx_word' id='word_1_92' title='bbox 1016 958 1179 1002; x_wconf 85' lang='lat' dir='ltr'><em>dicentes,</em></span> <span class='ocrx_word' id='word_1_93' title='bbox 1200 958 1351 1003; x_wconf 85' lang='lat' dir='ltr'><em>domine,</em></span> <span class='ocrx_word' id='word_1_94' title='bbox 1372 970 1501 995; x_wconf 84' lang='lat' dir='ltr'>servus</span> <span class='ocrx_word' id='word_1_95' title='bbox 1520 962 1605 994; x_wconf 82' lang='lat' dir='ltr'><em>tuus</em></span> 
     </span>
     <span class='ocr_line' id='line_1_12' title="bbox 273 1027 1608 1077; baseline 0 -12"><span class='ocrx_word' id='word_1_96' title='bbox 273 1029 343 1065; x_wconf 82' lang='lat' dir='ltr'>wlt</span> <span class='ocrx_word' id='word_1_97' title='bbox 376 1041 449 1065; x_wconf 88' lang='lat' dir='ltr'>esse</span> <span class='ocrx_word' id='word_1_98' title='bbox 486 1029 555 1065; x_wconf 81' lang='lat' dir='ltr'><em>tibi</em></span> <span class='ocrx_word' id='word_1_99' title='bbox 587 1029 733 1065; x_wconf 85' lang='lat' dir='ltr'><em>similis.</em></span> <span class='ocrx_word' id='word_1_100' title='bbox 796 1027 936 1073; x_wconf 81' lang='lat' dir='ltr'><em>Quibus</em></span> <span class='ocrx_word' id='word_1_101' title='bbox 974 1030 1011 1065; x_wconf 93' lang='lat' dir='ltr'>si</span> <span class='ocrx_word' id='word_1_102' title='bbox 1045 1029 1178 1065; x_wconf 86' lang='lat' dir='ltr'><em>iniuste</em></span> <span class='ocrx_word' id='word_1_103' title='bbox 1206 1028 1383 1077; x_wconf 77' lang='lat' dir='ltr'><em>interficit</em></span> <span class='ocrx_word' id='word_1_104' title='bbox 1418 1029 1608 1077; x_wconf 81' lang='lat' dir='ltr'><em>respondet</em></span> 
     </span>
     <span class='ocr_line' id='line_1_13' title="bbox 272 1097 1602 1147; baseline 0.001 -13"><span class='ocrx_word' id='word_1_105' title='bbox 272 1103 435 1147; x_wconf 34' lang='lat' dir='ltr'><em>creatorn</em></span> <span class='ocrx_word' id='word_1_106' title='bbox 455 1098 665 1135; x_wconf 80' lang='lat' dir='ltr'><em>Permittite</em></span> <span class='ocrx_word' id='word_1_107' title='bbox 692 1111 770 1135; x_wconf 83' lang='lat' dir='ltr'>eum</span> <span class='ocrx_word' id='word_1_108' title='bbox 800 1100 888 1147; x_wconf 83' lang='lat' dir='ltr'><em>quia</em></span> <span class='ocrx_word' id='word_1_109' title='bbox 919 1098 1167 1147; x_wconf 72' lang='lat' dir='ltr'><em>interficietur.</em></span> <span class='ocrx_word' id='word_1_110' title='bbox 1238 1097 1371 1135; x_wconf 75' lang='lat' dir='ltr'>Mz&#39;cln‘</span> <span class='ocrx_word' id='word_1_111' title='bbox 1394 1100 1489 1136; x_wconf 85' lang='lat' dir='ltr'><em>enim</em></span> <span class='ocrx_word' id='word_1_112' title='bbox 1519 1100 1602 1136; x_wconf 81' lang='lat' dir='ltr'><em>vin-</em></span> 
     </span>
     <span class='ocr_line' id='line_1_14' title="bbox 271 1168 1869 1217; baseline -0.001 -12"><span class='ocrx_word' id='word_1_113' title='bbox 271 1169 404 1205; x_wconf 86' lang='lat' dir='ltr'><em>dictam</em></span> <span class='ocrx_word' id='word_1_114' title='bbox 418 1168 431 1188; x_wconf 80' lang='lat'>³</span> <span class='ocrx_word' id='word_1_115' title='bbox 450 1168 484 1205; x_wconf 87' lang='lat' dir='ltr'>et</span> <span class='ocrx_word' id='word_1_116' title='bbox 510 1181 572 1217; x_wconf 79' lang='lat' dir='ltr'>ego</span> <span class='ocrx_word' id='word_1_117' title='bbox 596 1168 821 1206; x_wconf 70' lang='lat' dir='ltr'><em>retribuam!</em></span> <span class='ocrx_word' id='word_1_118' title='bbox 877 1168 926 1205; x_wconf 93' lang='lat' dir='ltr'>Et</span> <span class='ocrx_word' id='word_1_119' title='bbox 946 1174 1049 1217; x_wconf 90' lang='lat' dir='ltr'>patet</span> <span class='ocrx_word' id='word_1_120' title='bbox 1068 1181 1116 1205; x_wconf 89' lang='lat' dir='ltr'>ex</span> <span class='ocrx_word' id='word_1_121' title='bbox 1137 1168 1212 1206; x_wconf 91' lang='lat' dir='ltr'>fide</span> <span class='ocrx_word' id='word_1_122' title='bbox 1236 1168 1372 1206; x_wconf 90' lang='lat' dir='ltr'>eadem</span> <span class='ocrx_word' id='word_1_123' title='bbox 1394 1169 1600 1207; x_wconf 83' lang='lat' dir='ltr'>sentencia.</span> <span class='ocrx_word' id='word_1_124' title='bbox 1615 1186 1640 1203; x_wconf 90' lang='lat'>2.</span> <span class='ocrx_word' id='word_1_125' title='bbox 1656 1176 1737 1202; x_wconf 81' lang='lat' dir='ltr'>Faith</span> <span class='ocrx_word' id='word_1_126' title='bbox 1751 1177 1869 1203; x_wconf 79' lang='lat' dir='ltr'>teaehes</span> 
     </span>
    </p>
   </div>
   <div class='ocr_carea' id='block_1_7' title="bbox 1613 1210 1873 1237">
    <p class='ocr_par' dir='ltr' id='par_1_7' title="bbox 1613 1210 1873 1237">
     <span class='ocr_line' id='line_1_15' title="bbox 1613 1210 1873 1237; baseline 0.008 -2"><span class='ocrx_word' id='word_1_127' title='bbox 1613 1210 1660 1235; x_wconf 85' lang='lat' dir='ltr'>the</span> <span class='ocrx_word' id='word_1_128' title='bbox 1673 1219 1749 1236; x_wconf 86' lang='lat' dir='ltr'>same</span> <span class='ocrx_word' id='word_1_129' title='bbox 1765 1211 1873 1237; x_wconf 85' lang='lat' dir='ltr'>lesson.</span> 
     </span>
    </p>
   </div>
   <div class='ocr_carea' id='block_1_8' title="bbox 272 1238 1852 1304">
    <p class='ocr_par' dir='ltr' id='par_1_8' title="bbox 272 1238 1852 1304">
     <span class='ocr_line' id='line_1_16' title="bbox 272 1238 1852 1304; baseline 0.001 -28"><span class='ocrx_word' id='word_1_130' title='bbox 272 1238 382 1286; x_wconf 87' lang='lat' dir='ltr'>Quis,</span> <span class='ocrx_word' id='word_1_131' title='bbox 405 1251 528 1288; x_wconf 15' lang='lat' dir='ltr'>trogo,</span> <span class='ocrx_word' id='word_1_132' title='bbox 567 1239 776 1276; x_wconf 90' lang='lat' dir='ltr'>modernus</span> <span class='ocrx_word' id='word_1_133' title='bbox 814 1251 1007 1288; x_wconf 84' lang='lat' dir='ltr'>gwerrans</span> <span class='ocrx_word' id='word_1_134' title='bbox 1054 1238 1171 1276; x_wconf 89' lang='lat' dir='ltr'>habet</span> <span class='ocrx_word' id='word_1_135' title='bbox 1218 1240 1498 1277; x_wconf 91' lang='lat' dir='ltr'>revelacionem</span> <span class='ocrx_word' id='word_1_136' title='bbox 1537 1241 1596 1278; x_wconf 94' lang='lat' dir='ltr'>vel</span> <span class='ocrx_word' id='word_1_137' title='bbox 1613 1243 1852 1304; x_wconf 47' lang='lat' dir='ltr'>{gfaffigefpoomre-</span> 
     </span>
    </p>
   </div>
   <div class='ocr_carea' id='block_1_9' title="bbox 216 1309 1826 1359">
    <p class='ocr_par' dir='ltr' id='par_1_9' title="bbox 216 1309 1826 1359">
     <span class='ocr_line' id='line_1_17' title="bbox 216 1309 1826 1359; baseline 0 -11"><span class='ocrx_word' id='word_1_138' title='bbox 216 1324 256 1357; x_wconf 86' lang='lat'>15</span> <span class='ocrx_word' id='word_1_139' title='bbox 269 1316 490 1359; x_wconf 87' lang='lat' dir='ltr'>preceptum</span> <span class='ocrx_word' id='word_1_140' title='bbox 511 1309 658 1347; x_wconf 90' lang='lat' dir='ltr'>domini</span> <span class='ocrx_word' id='word_1_141' title='bbox 679 1309 785 1359; x_wconf 93' lang='lat' dir='ltr'>quod</span> <span class='ocrx_word' id='word_1_142' title='bbox 806 1309 899 1347; x_wconf 89' lang='lat' dir='ltr'>deus</span> <span class='ocrx_word' id='word_1_143' title='bbox 923 1310 1082 1348; x_wconf 84' lang='lat' dir='ltr'>instituit</span> <span class='ocrx_word' id='word_1_144' title='bbox 1101 1322 1190 1347; x_wconf 90' lang='lat' dir='ltr'>eum</span> <span class='ocrx_word' id='word_1_145' title='bbox 1211 1310 1260 1347; x_wconf 90' lang='lat' dir='ltr'>ad</span> <span class='ocrx_word' id='word_1_146' title='bbox 1280 1317 1359 1347; x_wconf 89' lang='lat' dir='ltr'>tam</span> <span class='ocrx_word' id='word_1_147' title='bbox 1379 1310 1516 1348; x_wconf 89' lang='lat' dir='ltr'>acriter</span> <span class='ocrx_word' id='word_1_148' title='bbox 1537 1310 1599 1348; x_wconf 88' lang='lat' dir='ltr'>dei</span> <span class='ocrx_word' id='word_1_149' title='bbox 1613 1310 1676 1348; x_wconf 72' lang='lat'>(390¹</span> <span class='ocrx_word' id='word_1_150' title='bbox 1692 1317 1721 1336; x_wconf 65' lang='lat'>‘0</span> <span class='ocrx_word' id='word_1_151' title='bbox 1734 1316 1781 1336; x_wconf 68' lang='lat' dir='ltr'>act</span> <span class='ocrx_word' id='word_1_152' title='bbox 1794 1320 1826 1336; x_wconf 68' lang='lat'>²5</span> 
     </span>
    </p>
   </div>
   <div class='ocr_carea' id='block_1_10' title="bbox 268 1344 1865 1430">
    <p class='ocr_par' dir='ltr' id='par_1_10' title="bbox 268 1344 1865 1430">
     <span class='ocr_line' id='line_1_18' title="bbox 1613 1344 1865 1371; baseline 0.012 -3"><span class='ocrx_word' id='word_1_153' title='bbox 1613 1344 1754 1369; x_wconf 81' lang='lat' dir='ltr'>mmisters</span> <span class='ocrx_word' id='word_1_154' title='bbox 1766 1345 1798 1370; x_wconf 83' lang='lat' dir='ltr'>os</span> <span class='ocrx_word' id='word_1_155' title='bbox 1809 1344 1865 1371; x_wconf 89' lang='lat' dir='ltr'>His</span> 
     </span>
     <span class='ocr_line' id='line_1_19' title="bbox 268 1380 1783 1430; baseline 0.001 -13"><span class='ocrx_word' id='word_1_156' title='bbox 268 1380 446 1417; x_wconf 90' lang='lat' dir='ltr'>iniuriam</span> <span class='ocrx_word' id='word_1_157' title='bbox 466 1380 769 1418; x_wconf 88' lang='lat' dir='ltr'>vindicandum?</span> <span class='ocrx_word' id='word_1_158' title='bbox 825 1380 876 1418; x_wconf 87' lang='lat' dir='ltr'>Et</span> <span class='ocrx_word' id='word_1_159' title='bbox 895 1386 1058 1426; x_wconf 86' lang='lat' dir='ltr'>constat,</span> <span class='ocrx_word' id='word_1_160' title='bbox 1080 1381 1153 1418; x_wconf 90' lang='lat' dir='ltr'>nisi</span> <span class='ocrx_word' id='word_1_161' title='bbox 1182 1380 1443 1430; x_wconf 85' lang='lat' dir='ltr'>principaliter</span> <span class='ocrx_word' id='word_1_162' title='bbox 1471 1381 1601 1419; x_wconf 87' lang='lat' dir='ltr'>fecerit</span> <span class='ocrx_word' id='word_1_163' title='bbox 1613 1381 1783 1412; x_wconf 53' lang='lat' dir='ltr'>lengeance·</span> 
     </span>
    </p>
   </div>
   <div class='ocr_carea' id='block_1_11' title="bbox 268 1450 1891 1516">
    <p class='ocr_par' dir='ltr' id='par_1_11' title="bbox 268 1450 1891 1516">
     <span class='ocr_line' id='line_1_20' title="bbox 268 1450 1891 1516; baseline 0.001 -28"><span class='ocrx_word' id='word_1_164' title='bbox 268 1463 315 1488; x_wconf 92' lang='lat' dir='ltr'>ea</span> <span class='ocrx_word' id='word_1_165' title='bbox 351 1451 585 1496; x_wconf 89' lang='lat' dir='ltr'>intencione,</span> <span class='ocrx_word' id='word_1_166' title='bbox 624 1457 681 1488; x_wconf 91' lang='lat' dir='ltr'>est</span> <span class='ocrx_word' id='word_1_167' title='bbox 714 1463 859 1500; x_wconf 85' lang='lat' dir='ltr'>gwerra</span> <span class='ocrx_word' id='word_1_168' title='bbox 897 1451 1037 1488; x_wconf 91' lang='lat' dir='ltr'>illicita.</span> <span class='ocrx_word' id='word_1_169' title='bbox 1096 1450 1201 1488; x_wconf 85' lang='lat' dir='ltr'>Ymo</span> <span class='ocrx_word' id='word_1_170' title='bbox 1239 1451 1311 1488; x_wconf 90' lang='lat' dir='ltr'>nisi</span> <span class='ocrx_word' id='word_1_171' title='bbox 1351 1451 1601 1501; x_wconf 87' lang='lat' dir='ltr'>principalius</span> <span class='ocrx_word' id='word_1_172' title='bbox 1614 1455 1891 1516; x_wconf 48' lang='lat' dir='ltr'>glgghinffigfflrggle</span> 
     </span>
    </p>
   </div>
   <div class='ocr_carea' id='block_1_12' title="bbox 268 1521 1832 1584">
    <p class='ocr_par' dir='ltr' id='par_1_12' title="bbox 268 1521 1832 1584">
     <span class='ocr_line' id='line_1_21' title="bbox 268 1521 1832 1584; baseline 0.001 -26"><span class='ocrx_word' id='word_1_173' title='bbox 268 1521 399 1560; x_wconf 89' lang='lat' dir='ltr'>fecerit</span> <span class='ocrx_word' id='word_1_174' title='bbox 437 1534 485 1559; x_wconf 89' lang='lat' dir='ltr'>ex</span> <span class='ocrx_word' id='word_1_175' title='bbox 524 1521 676 1560; x_wconf 88' lang='lat' dir='ltr'>caritate</span> <span class='ocrx_word' id='word_1_176' title='bbox 715 1534 832 1571; x_wconf 91' lang='lat' dir='ltr'>quam</span> <span class='ocrx_word' id='word_1_177' title='bbox 865 1521 983 1559; x_wconf 90' lang='lat' dir='ltr'>habet</span> <span class='ocrx_word' id='word_1_178' title='bbox 1014 1521 1063 1559; x_wconf 93' lang='lat' dir='ltr'>ad</span> <span class='ocrx_word' id='word_1_179' title='bbox 1096 1521 1248 1559; x_wconf 88' lang='lat' dir='ltr'>invasos</span> <span class='ocrx_word' id='word_1_180' title='bbox 1282 1534 1354 1571; x_wconf 92' lang='lat' dir='ltr'>pro</span> <span class='ocrx_word' id='word_1_181' title='bbox 1388 1522 1600 1572; x_wconf 83' lang='lat' dir='ltr'>mitiganda</span> <span class='ocrx_word' id='word_1_182' title='bbox 1614 1524 1795 1584; x_wconf 48' lang='lat' dir='ltr'>ffisslgggffare</span> <span class='ocrx_word' id='word_1_183' title='bbox 1808 1524 1832 1550; x_wconf 72' lang='lat'>1⁵</span> 
     </span>
    </p>
   </div>
   <div class='ocr_carea' id='block_1_13' title="bbox 50 1592 1605 1996">
    <p class='ocr_par' dir='ltr' id='par_1_13' title="bbox 269 1592 1600 1642">
     <span class='ocr_line' id='line_1_22' title="bbox 269 1592 1600 1642; baseline 0.001 -12"><span class='ocrx_word' id='word_1_184' title='bbox 269 1604 404 1630; x_wconf 88' lang='lat' dir='ltr'>eorum</span> <span class='ocrx_word' id='word_1_185' title='bbox 441 1592 594 1630; x_wconf 88' lang='lat' dir='ltr'>malicia</span> <span class='ocrx_word' id='word_1_186' title='bbox 632 1604 749 1642; x_wconf 88' lang='lat' dir='ltr'>quam</span> <span class='ocrx_word' id='word_1_187' title='bbox 796 1598 953 1642; x_wconf 90' lang='lat' dir='ltr'>propter</span> <span class='ocrx_word' id='word_1_188' title='bbox 1001 1592 1212 1630; x_wconf 89' lang='lat' dir='ltr'>comodum</span> <span class='ocrx_word' id='word_1_189' title='bbox 1260 1593 1471 1641; x_wconf 89' lang='lat' dir='ltr'>temporale</span> <span class='ocrx_word' id='word_1_190' title='bbox 1519 1599 1600 1631; x_wconf 90' lang='lat' dir='ltr'>tota</span> 
     </span>
    </p>

    <p class='ocr_par' dir='ltr' id='par_1_14' title="bbox 217 1662 1600 1712">
     <span class='ocr_line' id='line_1_23' title="bbox 217 1662 1600 1712; baseline 0.001 -14"><span class='ocrx_word' id='word_1_191' title='bbox 217 1677 257 1699; x_wconf 80' lang='lat'>20</span> <span class='ocrx_word' id='word_1_192' title='bbox 269 1675 429 1712; x_wconf 86' lang='lat' dir='ltr'>pungna</span> <span class='ocrx_word' id='word_1_193' title='bbox 448 1663 742 1712; x_wconf 86' lang='lat' dir='ltr'>dampnabiliter</span> <span class='ocrx_word' id='word_1_194' title='bbox 761 1669 819 1701; x_wconf 90' lang='lat' dir='ltr'>est</span> <span class='ocrx_word' id='word_1_195' title='bbox 838 1662 987 1700; x_wconf 89' lang='lat' dir='ltr'>infecta.</span> <span class='ocrx_word' id='word_1_196' title='bbox 1047 1662 1151 1700; x_wconf 89' lang='lat' dir='ltr'>Nam</span> <span class='ocrx_word' id='word_1_197' title='bbox 1172 1663 1329 1712; x_wconf 89' lang='lat' dir='ltr'>quilibet</span> <span class='ocrx_word' id='word_1_198' title='bbox 1344 1663 1466 1701; x_wconf 90' lang='lat' dir='ltr'>viator</span> <span class='ocrx_word' id='word_1_199' title='bbox 1486 1663 1600 1702; x_wconf 88' lang='lat' dir='ltr'>debet</span> 
     </span>
    </p>

    <p class='ocr_par' dir='ltr' id='par_1_15' title="bbox 269 1734 1605 1784">
     <span class='ocr_line' id='line_1_24' title="bbox 269 1734 1605 1784; baseline 0.001 -12"><span class='ocrx_word' id='word_1_200' title='bbox 269 1735 354 1784; x_wconf 89' lang='lat' dir='ltr'>capi</span> <span class='ocrx_word' id='word_1_201' title='bbox 374 1747 396 1772; x_wconf 90' lang='lat' dir='ltr'>a</span> <span class='ocrx_word' id='word_1_202' title='bbox 416 1735 547 1772; x_wconf 87' lang='lat' dir='ltr'>seculo</span> <span class='ocrx_word' id='word_1_203' title='bbox 577 1746 648 1784; x_wconf 88' lang='lat' dir='ltr'>pro</span> <span class='ocrx_word' id='word_1_204' title='bbox 679 1740 852 1783; x_wconf 88' lang='lat' dir='ltr'>tempore</span> <span class='ocrx_word' id='word_1_205' title='bbox 872 1734 931 1772; x_wconf 93' lang='lat' dir='ltr'>vie</span> <span class='ocrx_word' id='word_1_206' title='bbox 965 1745 1044 1783; x_wconf 89' lang='lat' dir='ltr'>quo</span> <span class='ocrx_word' id='word_1_207' title='bbox 1076 1740 1133 1771; x_wconf 91' lang='lat' dir='ltr'>est</span> <span class='ocrx_word' id='word_1_208' title='bbox 1162 1734 1286 1783; x_wconf 86' lang='lat' dir='ltr'>magis</span> <span class='ocrx_word' id='word_1_209' title='bbox 1318 1734 1520 1772; x_wconf 86' lang='lat' dir='ltr'>laudabilis</span> <span class='ocrx_word' id='word_1_210' title='bbox 1542 1735 1605 1773; x_wconf 82' lang='lat' dir='ltr'>vel</span> 
     </span>
    </p>

    <p class='ocr_par' dir='ltr' id='par_1_16' title="bbox 269 1804 1602 1855">
     <span class='ocr_line' id='line_1_25' title="bbox 269 1804 1602 1855; baseline 0.002 -14"><span class='ocrx_word' id='word_1_211' title='bbox 269 1805 397 1842; x_wconf 90' lang='lat' dir='ltr'>minus</span> <span class='ocrx_word' id='word_1_212' title='bbox 416 1805 630 1855; x_wconf 86' lang='lat' dir='ltr'>culpabilis,</span> <span class='ocrx_word' id='word_1_213' title='bbox 646 1804 703 1842; x_wconf 90' lang='lat' dir='ltr'>vel</span> <span class='ocrx_word' id='word_1_214' title='bbox 724 1804 859 1842; x_wconf 90' lang='lat' dir='ltr'>saltem</span> <span class='ocrx_word' id='word_1_215' title='bbox 879 1816 951 1854; x_wconf 90' lang='lat' dir='ltr'>pro</span> <span class='ocrx_word' id='word_1_216' title='bbox 971 1805 1091 1842; x_wconf 90' lang='lat' dir='ltr'>modo</span> <span class='ocrx_word' id='word_1_217' title='bbox 1111 1811 1148 1842; x_wconf 90' lang='lat' dir='ltr'>et</span> <span class='ocrx_word' id='word_1_218' title='bbox 1168 1811 1342 1854; x_wconf 90' lang='lat' dir='ltr'>tempore</span> <span class='ocrx_word' id='word_1_219' title='bbox 1371 1817 1487 1855; x_wconf 87' lang='lat' dir='ltr'>quem</span> <span class='ocrx_word' id='word_1_220' title='bbox 1508 1805 1602 1844; x_wconf 90' lang='lat' dir='ltr'>deus</span> 
     </span>
    </p>

    <p class='ocr_par' dir='ltr' id='par_1_17' title="bbox 50 1875 1602 1996">
     <span class='ocr_line' id='line_1_26' title="bbox 50 1875 1602 1925; baseline 0.002 -13"><span class='ocrx_word' id='word_1_221' title='bbox 50 1882 88 1912; x_wconf 83' lang='lat' dir='ltr'>c.</span> <span class='ocrx_word' id='word_1_222' title='bbox 268 1876 467 1925; x_wconf 87' lang='lat' dir='ltr'>approbat.</span> <span class='ocrx_word' id='word_1_223' title='bbox 527 1875 603 1913; x_wconf 91' lang='lat' dir='ltr'>Sed</span> <span class='ocrx_word' id='word_1_224' title='bbox 637 1875 687 1913; x_wconf 92' lang='lat' dir='ltr'>ad</span> <span class='ocrx_word' id='word_1_225' title='bbox 720 1875 794 1913; x_wconf 94' lang='lat' dir='ltr'>hoc</span> <span class='ocrx_word' id='word_1_226' title='bbox 833 1887 914 1913; x_wconf 90' lang='lat' dir='ltr'>non</span> <span class='ocrx_word' id='word_1_227' title='bbox 957 1875 1120 1913; x_wconf 89' lang='lat' dir='ltr'>attendit</span> <span class='ocrx_word' id='word_1_228' title='bbox 1159 1876 1352 1925; x_wconf 88' lang='lat' dir='ltr'>predictus</span> <span class='ocrx_word' id='word_1_229' title='bbox 1391 1876 1562 1914; x_wconf 88' lang='lat' dir='ltr'>carnifex</span> <span class='ocrx_word' id='word_1_230' title='bbox 1576 1875 1602 1915; x_wconf 73' lang='lat'>4.</span> 
     </span>
     <span class='ocr_line' id='line_1_27' title="bbox 268 1946 1599 1996; baseline 0.001 -12"><span class='ocrx_word' id='word_1_231' title='bbox 268 1946 364 1984; x_wconf 89' lang='lat' dir='ltr'>Ideo</span> <span class='ocrx_word' id='word_1_232' title='bbox 379 1954 436 1985; x_wconf 89' lang='lat' dir='ltr'>est</span> <span class='ocrx_word' id='word_1_233' title='bbox 453 1946 681 1996; x_wconf 77' lang='lat' dir='ltr'>culpandus,</span> <span class='ocrx_word' id='word_1_234' title='bbox 697 1959 777 1984; x_wconf 92' lang='lat' dir='ltr'>non</span> <span class='ocrx_word' id='word_1_235' title='bbox 797 1947 900 1983; x_wconf 93' lang='lat' dir='ltr'>enim</span> <span class='ocrx_word' id='word_1_236' title='bbox 917 1946 1107 1995; x_wconf 83' lang='lat' dir='ltr'>ingereret</span> <span class='ocrx_word' id='word_1_237' title='bbox 1124 1958 1164 1984; x_wconf 90' lang='lat' dir='ltr'>se</span> <span class='ocrx_word' id='word_1_238' title='bbox 1184 1947 1233 1984; x_wconf 92' lang='lat' dir='ltr'>ad</span> <span class='ocrx_word' id='word_1_239' title='bbox 1249 1953 1327 1984; x_wconf 90' lang='lat' dir='ltr'>tam</span> <span class='ocrx_word' id='word_1_240' title='bbox 1342 1947 1599 1996; x_wconf 87' lang='lat' dir='ltr'>periculosum</span> 
     </span>
    </p>
   </div>
   <div class='ocr_carea' id='block_1_14' title="bbox 216 2016 1858 2096">
    <p class='ocr_par' dir='ltr' id='par_1_18' title="bbox 216 2016 1858 2096">
     <span class='ocr_line' id='line_1_28' title="bbox 216 2016 1858 2089; baseline 0.003 -37"><span class='ocrx_word' id='word_1_241' title='bbox 216 2028 255 2061; x_wconf 83' lang='lat'>25</span> <span class='ocrx_word' id='word_1_242' title='bbox 269 2018 480 2056; x_wconf 85' lang='lat' dir='ltr'>cauterium</span> <span class='ocrx_word' id='word_1_243' title='bbox 518 2017 658 2055; x_wconf 91' lang='lat' dir='ltr'>nobilis</span> <span class='ocrx_word' id='word_1_244' title='bbox 694 2017 867 2067; x_wconf 91' lang='lat' dir='ltr'>corporis</span> <span class='ocrx_word' id='word_1_245' title='bbox 913 2016 1073 2054; x_wconf 91' lang='lat' dir='ltr'>humani</span> <span class='ocrx_word' id='word_1_246' title='bbox 1120 2018 1271 2067; x_wconf 84' lang='lat' dir='ltr'>generis</span> <span class='ocrx_word' id='word_1_247' title='bbox 1320 2018 1392 2056; x_wconf 90' lang='lat' dir='ltr'>nisi</span> <span class='ocrx_word' id='word_1_248' title='bbox 1441 2018 1598 2056; x_wconf 89' lang='lat' dir='ltr'>haberet</span> <span class='ocrx_word' id='word_1_249' title='bbox 1610 2030 1660 2089; x_wconf 50' lang='lat' dir='ltr'>gp</span> <span class='ocrx_word' id='word_1_250' title='bbox 1673 2030 1858 2089; x_wconf 64' lang='lat' dir='ltr'>whotapplies</span> 
     </span>
     <span class='ocr_line' id='line_1_29' title="bbox 1643 2072 1795 2096; baseline 0 -7"><span class='ocrx_word' id='word_1_251' title='bbox 1643 2072 1666 2089; x_wconf 82' lang='lat' dir='ltr'>is</span> <span class='ocrx_word' id='word_1_252' title='bbox 1679 2072 1731 2089; x_wconf 82' lang='lat' dir='ltr'>cau</span> <span class='ocrx_word' id='word_1_253' title='bbox 1747 2073 1795 2096; x_wconf 83' lang='lat' dir='ltr'>ery</span> 
     </span>
    </p>
   </div>
   <div class='ocr_carea' id='block_1_15' title="bbox 267 2087 1863 2157">
    <p class='ocr_par' dir='ltr' id='par_1_19' title="bbox 267 2087 1863 2157">
     <span class='ocr_line' id='line_1_30' title="bbox 267 2087 1863 2157; baseline -0.001 -32"><span class='ocrx_word' id='word_1_254' title='bbox 267 2088 532 2126; x_wconf 88' lang='lat' dir='ltr'>auctoritatem</span> <span class='ocrx_word' id='word_1_255' title='bbox 559 2100 582 2125; x_wconf 90' lang='lat' dir='ltr'>a</span> <span class='ocrx_word' id='word_1_256' title='bbox 612 2087 771 2126; x_wconf 89' lang='lat' dir='ltr'>domino</span> <span class='ocrx_word' id='word_1_257' title='bbox 802 2087 876 2126; x_wconf 92' lang='lat' dir='ltr'>hoc</span> <span class='ocrx_word' id='word_1_258' title='bbox 907 2087 1116 2125; x_wconf 86' lang='lat' dir='ltr'>mandante</span> <span class='ocrx_word' id='word_1_259' title='bbox 1148 2094 1186 2125; x_wconf 93' lang='lat' dir='ltr'>et</span> <span class='ocrx_word' id='word_1_260' title='bbox 1216 2094 1338 2125; x_wconf 89' lang='lat' dir='ltr'>artem</span> <span class='ocrx_word' id='word_1_261' title='bbox 1360 2101 1382 2126; x_wconf 84' lang='lat' dir='ltr'>a</span> <span class='ocrx_word' id='word_1_262' title='bbox 1403 2088 1530 2127; x_wconf 91' lang='lat' dir='ltr'>Cristo</span> <span class='ocrx_word' id='word_1_263' title='bbox 1557 2089 1596 2128; x_wconf 92' lang='lat' dir='ltr'>in</span> <span class='ocrx_word' id='word_1_264' title='bbox 1610 2097 1863 2157; x_wconf 42' lang='lat' dir='ltr'>ggidssrffiiggtdza-</span> 
     </span>
    </p>
   </div>
   <div class='ocr_carea' id='block_1_16' title="bbox 266 2158 1845 2224">
    <p class='ocr_par' dir='ltr' id='par_1_20' title="bbox 266 2158 1845 2224">
     <span class='ocr_line' id='line_1_31' title="bbox 266 2158 1845 2224; baseline 0 -28"><span class='ocrx_word' id='word_1_265' title='bbox 266 2159 422 2196; x_wconf 85' lang='lat' dir='ltr'>caritate</span> <span class='ocrx_word' id='word_1_266' title='bbox 442 2164 581 2196; x_wconf 90' lang='lat' dir='ltr'>cuncta</span> <span class='ocrx_word' id='word_1_267' title='bbox 601 2165 733 2196; x_wconf 88' lang='lat' dir='ltr'>nostra</span> <span class='ocrx_word' id='word_1_268' title='bbox 752 2171 872 2208; x_wconf 90' lang='lat' dir='ltr'>opera</span> <span class='ocrx_word' id='word_1_269' title='bbox 891 2158 972 2196; x_wconf 92' lang='lat' dir='ltr'>fieri</span> <span class='ocrx_word' id='word_1_270' title='bbox 993 2158 1180 2196; x_wconf 89' lang='lat' dir='ltr'>edocente</span> <span class='ocrx_word' id='word_1_271' title='bbox 1194 2158 1219 2196; x_wconf 79' lang='lat'>5.</span> <span class='ocrx_word' id='word_1_272' title='bbox 1279 2158 1472 2196; x_wconf 89' lang='lat' dir='ltr'>Neutrum</span> <span class='ocrx_word' id='word_1_273' title='bbox 1493 2159 1595 2196; x_wconf 91' lang='lat' dir='ltr'>enim</span> <span class='ocrx_word' id='word_1_274' title='bbox 1609 2164 1845 2224; x_wconf 46' lang='grc' dir='ltr'>ῗῐῐὲᾖιῐῐὲἑτῐιίιὲἰοη</span> 
     </span>
    </p>
   </div>
   <div class='ocr_carea' id='block_1_17' title="bbox 210 2229 1599 2411">
    <p class='ocr_par' dir='ltr' id='par_1_21' title="bbox 210 2229 1599 2411">
     <span class='ocr_line' id='line_1_32' title="bbox 266 2229 1598 2280; baseline 0.001 -13"><span class='ocrx_word' id='word_1_275' title='bbox 266 2229 426 2267; x_wconf 89' lang='lat' dir='ltr'>istorum</span> <span class='ocrx_word' id='word_1_276' title='bbox 460 2229 599 2267; x_wconf 87' lang='lat' dir='ltr'>sufficit</span> <span class='ocrx_word' id='word_1_277' title='bbox 630 2230 712 2267; x_wconf 86' lang='lat' dir='ltr'>sine</span> <span class='ocrx_word' id='word_1_278' title='bbox 746 2230 907 2280; x_wconf 87' lang='lat' dir='ltr'>reliquo,</span> <span class='ocrx_word' id='word_1_279' title='bbox 937 2230 1032 2267; x_wconf 86' lang='lat' dir='ltr'>sicut</span> <span class='ocrx_word' id='word_1_280' title='bbox 1060 2229 1167 2267; x_wconf 91' lang='lat' dir='ltr'>Iesus</span> <span class='ocrx_word' id='word_1_281' title='bbox 1201 2236 1331 2267; x_wconf 87' lang='lat' dir='ltr'>noster</span> <span class='ocrx_word' id='word_1_282' title='bbox 1361 2230 1482 2267; x_wconf 89' lang='lat' dir='ltr'>noluit</span> <span class='ocrx_word' id='word_1_283' title='bbox 1517 2231 1598 2268; x_wconf 88' lang='lat' dir='ltr'>sine</span> 
     </span>
     <span class='ocr_line' id='line_1_33' title="bbox 268 2300 1599 2350; baseline 0.002 -13"><span class='ocrx_word' id='word_1_284' title='bbox 268 2301 461 2338; x_wconf 88' lang='lat' dir='ltr'>divinitate</span> <span class='ocrx_word' id='word_1_285' title='bbox 500 2307 537 2338; x_wconf 89' lang='lat' dir='ltr'>et</span> <span class='ocrx_word' id='word_1_286' title='bbox 575 2300 812 2338; x_wconf 85' lang='lat' dir='ltr'>humanitate</span> <span class='ocrx_word' id='word_1_287' title='bbox 863 2300 1165 2349; x_wconf 87' lang='lat' dir='ltr'>inseparabiliter</span> <span class='ocrx_word' id='word_1_288' title='bbox 1210 2300 1429 2338; x_wconf 88' lang='lat' dir='ltr'>coniunctis</span> <span class='ocrx_word' id='word_1_289' title='bbox 1476 2313 1599 2350; x_wconf 88' lang='lat' dir='ltr'>genus</span> 
     </span>
     <span class='ocr_line' id='line_1_34' title="bbox 210 2371 1597 2411; baseline -0.001 -1"><span class='ocrx_word' id='word_1_290' title='bbox 210 2379 252 2411; x_wconf 81' lang='lat'>30</span> <span class='ocrx_word' id='word_1_291' title='bbox 268 2371 483 2409; x_wconf 89' lang='lat' dir='ltr'>humanum</span> <span class='ocrx_word' id='word_1_292' title='bbox 517 2371 716 2409; x_wconf 90' lang='lat' dir='ltr'>redimere.</span> <span class='ocrx_word' id='word_1_293' title='bbox 774 2371 858 2409; x_wconf 90' lang='lat' dir='ltr'>Nec</span> <span class='ocrx_word' id='word_1_294' title='bbox 897 2371 1016 2409; x_wconf 93' lang='lat' dir='ltr'>homo</span> <span class='ocrx_word' id='word_1_295' title='bbox 1056 2371 1170 2409; x_wconf 93' lang='lat' dir='ltr'>debet</span> <span class='ocrx_word' id='word_1_296' title='bbox 1208 2372 1289 2409; x_wconf 88' lang='lat' dir='ltr'>sine</span> <span class='ocrx_word' id='word_1_297' title='bbox 1328 2372 1408 2409; x_wconf 89' lang='lat' dir='ltr'>istis</span> <span class='ocrx_word' id='word_1_298' title='bbox 1447 2371 1597 2409; x_wconf 73' lang='lat' dir='ltr'>duabus</span> 
     </span>
    </p>
   </div>
   <div class='ocr_carea' id='block_1_18' title="bbox 264 2441 1875 2519">
    <p class='ocr_par' dir='ltr' id='par_1_22' title="bbox 264 2441 1875 2519">
     <span class='ocr_line' id='line_1_35' title="bbox 264 2441 1825 2518; baseline 0 -39"><span class='ocrx_word' id='word_1_299' title='bbox 264 2443 382 2481; x_wconf 88' lang='lat' dir='ltr'>vitam</span> <span class='ocrx_word' id='word_1_300' title='bbox 413 2442 629 2480; x_wconf 87' lang='lat' dir='ltr'>naturalem</span> <span class='ocrx_word' id='word_1_301' title='bbox 668 2442 789 2480; x_wconf 85' lang='lat' dir='ltr'>fratris</span> <span class='ocrx_word' id='word_1_302' title='bbox 818 2442 978 2492; x_wconf 92' lang='lat' dir='ltr'>perdere</span> <span class='ocrx_word' id='word_1_303' title='bbox 992 2442 1015 2479; x_wconf 75' lang='lat'>⁶.</span> <span class='ocrx_word' id='word_1_304' title='bbox 1073 2441 1122 2478; x_wconf 90' lang='lat' dir='ltr'>Et</span> <span class='ocrx_word' id='word_1_305' title='bbox 1152 2442 1316 2479; x_wconf 87' lang='lat' dir='ltr'>breviter</span> <span class='ocrx_word' id='word_1_306' title='bbox 1345 2449 1427 2479; x_wconf 88' lang='lat' dir='ltr'>tota</span> <span class='ocrx_word' id='word_1_307' title='bbox 1457 2449 1594 2480; x_wconf 85' lang='lat' dir='ltr'>natura</span> <span class='ocrx_word' id='word_1_308' title='bbox 1605 2457 1825 2518; x_wconf 45' lang='lat' dir='ltr'>gnssa&#39;turehi&#39;slff</span> 
     </span>
     <span class='ocr_line' id='line_1_36' title="bbox 1625 2501 1875 2519; baseline 0.008 -2"><span class='ocrx_word' id='word_1_309' title='bbox 1625 2501 1659 2517; x_wconf 89' lang='grc'>00</span> <span class='ocrx_word' id='word_1_310' title='bbox 1690 2501 1756 2518; x_wconf 83' lang='lat' dir='ltr'>an</span> <span class='ocrx_word' id='word_1_311' title='bbox 1779 2501 1803 2518; x_wconf 85' lang='lat' dir='ltr'>lC</span> <span class='ocrx_word' id='word_1_312' title='bbox 1833 2502 1875 2519; x_wconf 80' lang='lat' dir='ltr'>we</span> 
     </span>
    </p>
   </div>
   <div class='ocr_carea' id='block_1_19' title="bbox 265 2512 1873 2585">
    <p class='ocr_par' dir='ltr' id='par_1_23' title="bbox 265 2512 1873 2585">
     <span class='ocr_line' id='line_1_37' title="bbox 265 2512 1873 2585; baseline 0.001 -35"><span class='ocrx_word' id='word_1_313' title='bbox 265 2520 392 2551; x_wconf 92' lang='lat' dir='ltr'>creata</span> <span class='ocrx_word' id='word_1_314' title='bbox 411 2521 467 2550; x_wconf 86' lang='lat' dir='ltr'>est</span> <span class='ocrx_word' id='word_1_315' title='bbox 487 2513 582 2550; x_wconf 89' lang='lat' dir='ltr'>liber</span> <span class='ocrx_word' id='word_1_316' title='bbox 610 2512 803 2559; x_wconf 85' lang='lat' dir='ltr'>naturalis,</span> <span class='ocrx_word' id='word_1_317' title='bbox 821 2513 952 2550; x_wconf 89' lang='lat' dir='ltr'>dicens</span> <span class='ocrx_word' id='word_1_318' title='bbox 982 2512 1094 2550; x_wconf 86' lang='lat' dir='ltr'>nobis</span> <span class='ocrx_word' id='word_1_319' title='bbox 1124 2512 1323 2562; x_wconf 89' lang='lat' dir='ltr'>quomodo</span> <span class='ocrx_word' id='word_1_320' title='bbox 1353 2513 1566 2550; x_wconf 91' lang='lat' dir='ltr'>secundum</span> <span class='ocrx_word' id='word_1_321' title='bbox 1579 2513 1593 2534; x_wconf 80' lang='lat'>⁷</span> <span class='ocrx_word' id='word_1_322' title='bbox 1605 2526 1746 2584; x_wconf 57' lang='lat' dir='ltr'>“ssayiffid</span> <span class='ocrx_word' id='word_1_323' title='bbox 1761 2526 1822 2585; x_wconf 76' lang='lat' dir='ltr'>thaGt</span> <span class='ocrx_word' id='word_1_324' title='bbox 1832 2535 1873 2585; x_wconf 60' lang='lat'>*5²</span> 
     </span>
     <span class='ocr_line' id='line_1_38' title="bbox 1604 2567 1838 2585; baseline 0.004 -1"><span class='ocrx_word' id='word_1_325' title='bbox 1604 2567 1616 2584; x_wconf 91' lang='lat' dir='ltr'>S</span> <span class='ocrx_word' id='word_1_326' title='bbox 1638 2567 1674 2584; x_wconf 84' lang='lat' dir='ltr'>OU</span> <span class='ocrx_word' id='word_1_327' title='bbox 1729 2568 1780 2585; x_wconf 76' lang='lat' dir='ltr'>ove</span> <span class='ocrx_word' id='word_1_328' title='bbox 1822 2568 1838 2585; x_wconf 88' lang='grc' dir='ltr'>Ο</span> 
     </span>
    </p>
   </div>
   <div class='ocr_carea' id='block_1_20' title="bbox 47 2582 1858 2843">
    <p class='ocr_par' dir='ltr' id='par_1_24' title="bbox 47 2582 1858 2843">
     <span class='ocr_line' id='line_1_39' title="bbox 264 2582 1858 2633; baseline 0.001 -13"><span class='ocrx_word' id='word_1_329' title='bbox 264 2584 492 2633; x_wconf 88' lang='lat' dir='ltr'>religionem</span> <span class='ocrx_word' id='word_1_330' title='bbox 531 2584 750 2621; x_wconf 88' lang='lat' dir='ltr'>cristianam</span> <span class='ocrx_word' id='word_1_331' title='bbox 793 2584 911 2621; x_wconf 91' lang='lat' dir='ltr'>deum</span> <span class='ocrx_word' id='word_1_332' title='bbox 949 2589 1123 2620; x_wconf 90' lang='lat' dir='ltr'>nostrum</span> <span class='ocrx_word' id='word_1_333' title='bbox 1162 2589 1199 2620; x_wconf 91' lang='lat' dir='ltr'>et</span> <span class='ocrx_word' id='word_1_334' title='bbox 1235 2582 1370 2621; x_wconf 87' lang='lat' dir='ltr'>fratres</span> <span class='ocrx_word' id='word_1_335' title='bbox 1404 2583 1590 2621; x_wconf 87' lang='lat' dir='ltr'>debemus</span> <span class='ocrx_word' id='word_1_336' title='bbox 1603 2592 1660 2618; x_wconf 84' lang='lat' dir='ltr'>and</span> <span class='ocrx_word' id='word_1_337' title='bbox 1672 2601 1724 2618; x_wconf 88' lang='lat' dir='ltr'>our</span> <span class='ocrx_word' id='word_1_338' title='bbox 1737 2592 1858 2620; x_wconf 82' lang='lat' dir='ltr'>brother.</span> 
     </span>
     <span class='ocr_line' id='line_1_40' title="bbox 47 2650 1591 2725; baseline -0.001 -33"><span class='ocrx_word' id='word_1_339' title='bbox 47 2650 249 2725; x_wconf 49' lang='lat' dir='ltr'>grgffsfflm·</span> <span class='ocrx_word' id='word_1_340' title='bbox 265 2654 432 2703; x_wconf 88' lang='lat' dir='ltr'>diligere,</span> <span class='ocrx_word' id='word_1_341' title='bbox 472 2654 621 2692; x_wconf 91' lang='lat' dir='ltr'>dicente</span> <span class='ocrx_word' id='word_1_342' title='bbox 654 2654 893 2692; x_wconf 87' lang='lat' dir='ltr'>Crisostomo</span> <span class='ocrx_word' id='word_1_343' title='bbox 933 2653 1074 2691; x_wconf 92' lang='lat' dir='ltr'>omelia</span> <span class='ocrx_word' id='word_1_344' title='bbox 1116 2666 1161 2690; x_wconf 90' lang='lat'>22</span> <span class='ocrx_word' id='word_1_345' title='bbox 1200 2653 1327 2702; x_wconf 90' lang='lat' dir='ltr'>operis</span> <span class='ocrx_word' id='word_1_346' title='bbox 1357 2653 1591 2703; x_wconf 89' lang='lat' dir='ltr'>imperfecti;</span> 
     </span>
     <span class='ocr_line' id='line_1_41' title="bbox 308 2750 1590 2790; baseline 0.002 -9"><span class='ocrx_word' id='word_1_347' title='bbox 308 2751 319 2769; x_wconf 82' lang='lat'>¹</span> <span class='ocrx_word' id='word_1_348' title='bbox 345 2759 407 2790; x_wconf 85' lang='lat' dir='ltr'>xv,</span> <span class='ocrx_word' id='word_1_349' title='bbox 424 2759 459 2789; x_wconf 89' lang='lat' dir='ltr'>A,</span> <span class='ocrx_word' id='word_1_350' title='bbox 478 2759 509 2782; x_wconf 86' lang='lat' dir='ltr'>B.</span> <span class='ocrx_word' id='word_1_351' title='bbox 597 2751 609 2768; x_wconf 85' lang='lat'><strong>²</strong></span> <span class='ocrx_word' id='word_1_352' title='bbox 634 2755 674 2789; x_wconf 85' lang='lat' dir='ltr'>te,</span> <span class='ocrx_word' id='word_1_353' title='bbox 692 2761 752 2783; x_wconf 86' lang='lat' dir='ltr'>om.</span> <span class='ocrx_word' id='word_1_354' title='bbox 770 2759 803 2782; x_wconf 83' lang='lat' dir='ltr'>A.</span> <span class='ocrx_word' id='word_1_355' title='bbox 893 2751 905 2769; x_wconf 81' lang='lat'>³</span> <span class='ocrx_word' id='word_1_356' title='bbox 920 2751 1131 2790; x_wconf 84' lang='lat' dir='ltr'>vindicatam,</span> <span class='ocrx_word' id='word_1_357' title='bbox 1147 2759 1183 2782; x_wconf 88' lang='lat' dir='ltr'>A.</span> <span class='ocrx_word' id='word_1_358' title='bbox 1272 2750 1284 2769; x_wconf 79' lang='lat'><strong>⁴</strong></span> <span class='ocrx_word' id='word_1_359' title='bbox 1304 2751 1456 2790; x_wconf 85' lang='lat' dir='ltr'>carnifex,</span> <span class='ocrx_word' id='word_1_360' title='bbox 1479 2762 1539 2783; x_wconf 78' lang='lat' dir='ltr'>om.</span> <span class='ocrx_word' id='word_1_361' title='bbox 1558 2761 1590 2785; x_wconf 84' lang='lat' dir='ltr'>A.</span> 
     </span>
     <span class='ocr_line' id='line_1_42' title="bbox 265 2801 1342 2843; baseline -0.001 -9"><span class='ocrx_word' id='word_1_362' title='bbox 265 2801 277 2820; x_wconf 89' lang='lat'><strong>⁵</strong></span> <span class='ocrx_word' id='word_1_363' title='bbox 301 2802 503 2838; x_wconf 83' lang='lat' dir='ltr'>edocentem,</span> <span class='ocrx_word' id='word_1_364' title='bbox 521 2811 555 2835; x_wconf 83' lang='grc' dir='ltr'>Α.</span> <span class='ocrx_word' id='word_1_365' title='bbox 648 2802 659 2820; x_wconf 76' lang='lat'><strong>⁶</strong></span> <span class='ocrx_word' id='word_1_366' title='bbox 683 2804 720 2834; x_wconf 89' lang='lat' dir='ltr'>in</span> <span class='ocrx_word' id='word_1_367' title='bbox 737 2813 842 2843; x_wconf 75' lang='lat' dir='ltr'><em>marg.</em></span> <span class='ocrx_word' id='word_1_368' title='bbox 861 2803 961 2842; x_wconf 85' lang='lat' dir='ltr'>Nota,</span> <span class='ocrx_word' id='word_1_369' title='bbox 980 2812 1013 2835; x_wconf 79' lang='grc' dir='ltr'>Α.</span> <span class='ocrx_word' id='word_1_370' title='bbox 1103 2802 1114 2819; x_wconf 88' lang='lat'>⁷</span> <span class='ocrx_word' id='word_1_371' title='bbox 1139 2803 1291 2835; x_wconf 80' lang='lat' dir='ltr'>secundo.</span> <span class='ocrx_word' id='word_1_372' title='bbox 1309 2811 1342 2834; x_wconf 89' lang='lat' dir='ltr'>A.</span> 
     </span>
    </p>
   </div>
  </div>
 </body>
</html>
