2051 3299
189 214 270 268 236
885 222 949 252 DE
982 221 1176 253 OFFICro
1211 222 1365 254 REGIS.

470 326 661 364 subiectis.
722 325 826 362 Nam
847 325 1006 363 subiecti
1027 338 1118 374 sepe
1139 326 1279 363 exinde
1309 327 1593 364 contrariantur
1613 328 1798 367 voluntati

188 407 315 433 Prelates
329 407 409 433 make
468 397 592 434 divine
614 396 721 445 quod
742 396 905 433 omnino
925 395 1072 444 desapit
1100 396 1264 443 culpam.
1325 395 1495 434 Subiecti
1515 398 1638 435 eciam
1660 399 1798 436 exinde

187 440 261 466 their
274 441 397 472 subjects

186 474 454 539 agfiossgsslffiffyivfiiigss
466 467 551 515 plus
572 467 707 503 timent
734 466 934 503 hominem
960 472 1117 514 propter
1146 466 1227 502 eius
1255 478 1396 515 penam
1429 466 1616 504 inflictam
1645 474 1799 505 contra·

186 540 238 599 21}ss
240 540 430 605 ffeugssseffggt
466 537 679 574 dicentibus
700 548 817 585 quam
837 536 972 572 timent
992 535 1107 572 deum
1124 535 1361 584 infligentern
1377 548 1519 585 penam
1536 538 1799 576 insensibilem

185 607 342 633 morethan
356 607 451 633 God's·
465 614 502 644 et
541 612 741 644 remotam.
801 605 877 643 Sed
916 606 946 642 si
985 605 1069 642 talis
1108 605 1275 642 titubans
1317 604 1334 625 *
1376 606 1578 644 infidelitas
1617 608 1798 646 continue
1812 618 2017 649 F01.169b.

464 677 636 714 infuisset
674 676 891 713 martiribus
926 675 1125 725 quomodo
1165 688 1213 713 ex
1251 688 1387 713 eorum
1425 688 1583 725 agressu
1622 677 1798 715 tantum¹

463 747 642 796 viguisset
662 746 846 784 ecclesia!
904 745 1012 783 Licet
1032 746 1137 783 enim
1157 747 1381 794 persecucio
1403 747 1473 784 ista
1493 748 1730 796 yppocritica
1751 749 1798 785 sit

464 817 724 867 periculosior,
747 823 790 854 ut
810 822 914 866 patet
936 816 1072 854 Matth.
1091 816 1206 861 xxiiii,
1229 828 1276 854 eo
1297 816 1404 866 quod
1425 823 1482 854 est
1504 817 1595 855 dolo
1613 819 1797 865 subtilior,
1812 826 1912 857 Matt.
1929 826 2016 857 xxiv.

465 897 596 926 tamen
617 901 664 925 ex
686 888 762 925 fide
791 888 978 937 scripture
1008 894 1064 924 est
1094 887 1158 936 pio
1188 887 1369 925 cristiano
1400 888 1576 925 doctrina
1606 889 1799 927 sufficiens
1814 878 1864 910 ²9'

466 959 514 996 ad
536 958 808 996 declinandum
830 964 866 995 et
887 957 1162 995 destruendum
1186 957 1257 994 has
1284 958 1448 996 hereses.
1507 958 1611 996 Nam
1633 959 1664 996 si
1685 972 1799 997 cecus
1815 977 1854 1000 10

464 1030 686 1078 prepositus
721 1041 816 1066 ceco
855 1028 1008 1066 subdito
1047 1028 1233 1065 ducatum
1271 1029 1475 1077 prestiterit
1515 1029 1563 1066 ad
1602 1030 1799 1079 agendum

464 1106 599 1137 contra
624 1099 859 1137 voluntatem
889 1099 1069 1144 divinam,
1104 1110 1193 1135 cum
1225 1098 1318 1136 deus
1347 1099 1410 1136 vvlt
1435 1099 1664 1148 generaliter
1692 1100 1800 1150 quod

465 1170 584 1207 homo
618 1169 732 1207 faciat
766 1169 839 1207 deo
869 1169 1090 1218 placencius
1124 1175 1161 1206 et
1193 1169 1262 1206 sibi
1292 1169 1366 1218 ipsi
1399 1169 1539 1215 utilius,
1574 1170 1623 1207 ad
1649 1175 1799 1207 tantum

464 1246 595 1289 posset
630 1240 804 1277 subditus
839 1252 923 1277 esse
959 1240 998 1275 in
1034 1239 1181 1288 peccati
1216 1239 1369 1277 foveam
1402 1239 1659 1288 profundatus
1693 1241 1800 1290 quod

189 1321 274 1347 Isthe
287 1321 418 1353 Apostles
465 1310 580 1348 faciat
605 1310 766 1347 omnino
798 1310 871 1348 deo
901 1310 1108 1359 displicens
1138 1317 1175 1347 et
1205 1310 1276 1347 sibi
1298 1311 1441 1348 inutile.
1501 1310 1540 1347 Si
1561 1324 1656 1360 ergo
1677 1312 1857 1349 sanctiG.

184 1354 361 1385 sinned,h0w
370 1353 454 1380 much

185 1388 410 1453 {ggffisspsftolthe
466 1381 630 1430 apostoli
658 1381 903 1418 consulentes
923 1380 1052 1417 Deum
1081 1380 1273 1417 humiliter
1302 1387 1511 1429 peccarunt
1539 1382 1732 1428 continue,
1756 1388 1799 1419 ut

185 1454 283 1519 ffivljcrg
294 1455 434 1521 Ξξὲῗξάθῗ
466 1458 570 1501 patet
590 1450 672 1488 Ioh.
699 1458 751 1497 10,
770 1457 915 1499 quanto
936 1451 1059 1499 magis
1079 1450 1202 1499 ignari
1223 1456 1429 1500 sequentes
1446 1450 1585 1488 ducem
1602 1451 2011 1504 superbie?J0h.xxi.[2].

465 1522 575 1560 Licet
596 1528 724 1559 autem
746 1521 970 1570 capitaneus
991 1521 1116 1570 magis
1136 1527 1281 1570 peccat,
1302 1527 1433 1558 tamen
1463 1527 1614 1570 oportet
1634 1522 1797 1559 omnino

464 1592 571 1642 quod
591 1598 755 1642 peccent
777 1598 984 1640 sequentes
1005 1592 1087 1628 eius
1102 1591 1269 1640 vestigia,
1288 1597 1325 1628 et
1345 1591 1561 1640 specialiter
1582 1591 1745 1629 scientes
1761 1597 1798 1629 et

464 1663 704 1712 negligentes
752 1662 879 1711 ipsum
918 1662 1119 1710 corripere.
1176 1661 1239 1698 Ad
1287 1661 1361 1698 hoc
1408 1661 1512 1698 enim
1551 1661 1656 1699 dedit
1701 1662 1796 1700 deus
1811 1679 1852 1701 20

463 1733 611 1771 homini
633 1733 862 1782 scripturam
884 1732 1088 1769 voluntatis
1109 1743 1175 1770 sue
1195 1738 1236 1769 ut
1256 1732 1491 1781 contemptis
1520 1732 1798 1770 tradicionibus

184 1810 322 1848 Thrcyugl}
335 1809 370 1836 its
391 1819 452 1843 per-
464 1804 666 1841 hominum
699 1803 915 1841 secundum
945 1803 1070 1852 ipsam
1101 1803 1216 1851 eligat
1247 1802 1416 1851 pociora.
1473 1802 1523 1839 Et
1544 1803 1598 1840 sic
1619 1815 1798 1852 perversa

183 1852 293 1869 version
307 1853 335 1869 m
348 1843 396 1869 the

184 1874 627 1936 ffissltizggfixtffim-ecclesia
667 1874 715 1911 ab
754 1874 900 1911 unitate
948 1873 1084 1922 capitis
1135 1873 1174 1909 in
1221 1872 1506 1912 multitudinem
1553 1873 1734 1922 capitum,
1774 1885 1797 1910 a

183 1943 425 2005 ξξξὲξξῑὸἕῡῐηὲ
465 1944 663 1994 privilegio
684 1945 723 1980 in
743 1943 998 1993 privilegium,
1022 1950 1058 1981 et
1087 1943 1249 1980 omnino
1270 1943 1320 1979 ab
1350 1943 1578 1980 obediencia
1602 1943 1641 1979 in
1662 1942 1795 1980 obedi-

465 2015 617 2052 enciam
637 2026 795 2051 necesse
823 2020 879 2051 est
908 2014 1031 2063 ipsam
1061 2013 1114 2050 ire
1144 2013 1182 2050 in
1212 2013 1474 2062 precipicium.
1533 2013 1673 2051 Omnis
1692 2014 1795 2051 enirn
1810 2028 1849 2060 25

465 2092 651 2131 creatura,
677 2085 802 2122 eciam
826 2084 1122 2133 pseudocristus,
1146 2084 1237 2121 dicit
1259 2082 1276 2102 '¹‘
1300 2083 1393 2120 mihi
1418 2083 1650 2129 naturaliter,
1672 2090 1709 2121 et
1729 2096 1797 2133 per
1807 2093 1857 2122 48
1875 2093 1910 2122 d.

464 2167 710 2205 consequens
739 2154 908 2204 proprie,
930 2154 1035 2203 quod
1056 2153 1130 2191 deo
1149 2160 1206 2191 est
1227 2165 1341 2203 super
1360 2153 1491 2191 omnia
1520 2153 1793 2200 obediendum,

464 2232 501 2264 et
539 2226 728 2262 infinitum
764 2224 850 2274 plus
884 2236 1002 2273 quam
1040 2224 1112 2273 ipsi
1155 2223 1431 2273 pseudocristo,
1464 2224 1529 2272 qui
1568 2224 1659 2261 dicit
1701 2224 1795 2261 mihi

465 2296 726 2334 innaturaliter
757 2301 793 2332 et
825 2295 1024 2343 inproprie
1056 2294 1163 2344 quod
1197 2294 1323 2331 debeo
1354 2294 1404 2331 ad
1433 2294 1661 2331 mandatum
1682 2306 1795 2332 suum

462 2367 588 2404 facere
617 2366 804 2403 voluntati
836 2365 964 2402 divine
998 2365 1244 2402 contrarium.
1318 2364 1369 2401 Et
1390 2363 1549 2402 tamen²
1577 2365 1793 2402 obaudiens
1807 2379 1849 2410 30

462 2444 595 2475 muteo
622 2436 752 2486 quoad
784 2436 877 2473 illud
906 2435 1013 2484 quod
1044 2435 1136 2472 deus
1169 2435 1208 2472 in
1243 2435 1328 2485 ipso
1361 2435 1529 2484 loquitur
1557 2441 1594 2472 et
1627 2435 1793 2472 obedio3

462 2507 646 2545 mandato
670 2506 775 2556 quod
801 2506 933 2543 lucifer
954 2506 993 2542 in
1014 2505 1099 2554 ipso
1119 2505 1299 2554 loquitur.
1358 2505 1453 2543 Ideo
1481 2517 1562 2543 non
1592 2505 1732 2543 mirum
1762 2505 1794 2543 si

463 2578 598 2627 religio
618 2590 665 2614 ex
687 2577 839 2614 defectu
860 2588 948 2613 vere
969 2576 1193 2613 obediencie
1214 2576 1260 2613 sit
1280 2587 1420 2613 eversa.

517 2647 609 2694 Quo
640 2647 689 2685 ad
722 2654 780 2696 3m
811 2653 998 2696 punctum
1027 2652 1132 2696 patet
1166 2646 1271 2695 quod
1304 2645 1623 2684 excomunicacio
1656 2651 1712 2682 est
1746 2645 1792 2682 ti·
1805 2647 1853 2676 H·

464 2718 618 2763 menda,
639 2724 676 2755 et
696 2717 909 2767 specialiter
929 2717 980 2753 illi
1001 2717 1067 2766 qui
1087 2716 1359 2754 excomunicat
1375 2728 1424 2753 ne
1439 2728 1477 2753 se
1494 2716 1620 2764 ipsum
1635 2714 1790 2753 inficiat.
1804 2717 1844 2749 35

549 2798 559 2815 ¹
585 2801 724 2835 tantum,
742 2808 804 2829 om.
823 2806 855 2829 A.
962 2797 973 2815 ²
996 2800 1121 2828 tantum
1138 2801 1202 2837 pro
1218 2799 1339 2835 tamen,
1356 2804 1390 2827 A.
1495 2795 1507 2813 ⁸
1529 2794 1650 2833 obedit,
1668 2803 1701 2827 A.
