2051 3299
34 1239 81 1269 52
96 1238 135 1269 b.

668 217 732 249 DE
764 217 956 249 OFFICIO
988 217 1144 249 REGIS.

253 329 437 361 mentum.
513 321 636 360 Racio
675 322 801 372 itaque
847 323 1032 372 scripture
1078 321 1285 360 concordie
1332 326 1370 359 et
1416 327 1574 359 eventus

253 393 414 432 ecclesie
442 392 654 430 edisserunt
682 393 798 430 istum
827 404 1007 439 sensum;
1037 392 1108 439 vel,
1129 393 1159 430 si
1190 404 1283 437 non,
1304 404 1504 442 quererem
1524 393 1574 429 ab

252 463 468 502 adversario
516 463 755 513 ponderante
794 463 943 512 singula
981 464 1097 500 verba
1134 462 1245 500 huius
1282 469 1409 501 textus
1456 462 1573 500 divini

254 546 370 584 quam
401 534 690 584 exposicionem
721 534 843 571 eliciet
871 534 995 582 magis
1024 540 1181 580 rectam,
1213 533 1304 583 quia
1337 540 1484 572 certum
1517 539 1575 571 est

221 614 238 647 5
254 605 358 655 quod
377 605 446 643 iste
466 611 522 642 est
542 617 676 642 sensus
705 604 914 642 catholicus
934 611 971 641 et
991 604 1185 653 pertinens
1215 604 1327 642 statui
1354 611 1392 642 et
1415 604 1574 641 emend-

252 676 378 714 acioni
410 676 581 713 ecclesie.
639 674 753 712 Unde
782 675 879 712 inter
906 675 981 712 alia
1009 675 1119 724 signa
1143 675 1400 724 profundioris
1429 674 1573 713 heresis

251 752 288 784 et
326 746 497 784 defectus
533 746 616 795 spei
649 746 688 783 in
719 746 889 795 prescitis
929 752 986 783 est
1018 745 1124 795 quod
1162 745 1285 786 clerus
1319 752 1572 783 remurmuret

252 824 388 855 contra
425 817 647 865 detegentes
685 828 843 854 sensum
881 816 1065 865 scripture
1103 816 1209 854 iuxta
1254 828 1370 865 quem
1418 828 1572 853 sensum

252 888 369 925 vitam
397 899 505 925 suam
525 888 709 925 viciosam
737 887 983 936 corrigerent,
1003 893 1044 925 ut
1072 887 1240 926 ostendit
1258 887 1506 925 Bernhardus
1535 887 1573 923 in

201 972 244 996 10
258 958 430 1008 quodam
450 970 628 996 sermone
648 964 685 995 et
704 958 859 1007 ponitur
877 965 922 995 x0
941 958 1091 996 feorum
1105 957 1129 996 ¹.
1190 957 1299 1004 Cum,
1318 958 1451 1007 inquit,
1475 970 1574 994 nemo

253 1031 325 1066 scit
341 1042 391 1066 an
410 1042 533 1066 amore
552 1028 610 1066 vel
625 1029 704 1066 odio
725 1029 862 1077 dzgnus
883 1030 942 1075 sit,
963 1029 1044 1078 spei
1055 1029 1205 1078 fiducia
1224 1042 1306 1066 cum
1326 1029 1418 1066 bona
1438 1029 1576 1066 consci-

252 1102 353 1137 encia
383 1113 434 1138 ex
462 1101 571 1137 rectis
595 1100 760 1148 operibus
789 1104 823 1136 el
841 1100 960 1149 firmo
990 1104 1115 1137 sancto
1134 1101 1325 1149 proposito
1353 1099 1575 1137 consolatur.

251 1170 366 1208 Unde
387 1170 474 1208 data
494 1176 583 1208 sunt
602 1170 768 1220 quedam
794 1171 904 1219 signa
924 1177 962 1208 et
980 1170 1181 1208 manifesta
1200 1170 1331 1208 salutis
1352 1169 1490 1207 iudicia
1508 1181 1577 1219 per

251 1253 326 1291 que
345 1241 594 1278 indubitabile
623 1241 669 1278 sit
698 1253 789 1278 eum
817 1253 901 1279 esse
923 1240 942 1261 *
964 1241 1012 1279 de
1039 1253 1204 1279 numero
1233 1240 1516 1286 salvandorum,
1536 1240 1576 1278 in

200 1315 238 1348 Ῐ5
253 1324 330 1362 quo
366 1311 439 1350 hec
478 1312 590 1361 signa
626 1318 928 1361 permanserunt.
990 1311 1214 1349 Maximum
1252 1319 1382 1350 autem
1421 1312 1577 1361 signum

34 1378 124 1464 ΕΒΗ
139 1378 209 1411 Vffi·
251 1382 489 1421 confidencie
517 1382 729 1420 electorum
756 1389 813 1420 est
843 1383 936 1420 illud
954 1384 1114 1420 verbum
1143 1382 1303 1421 Domini
1332 1382 1417 1420 Ioh.
1441 1384 1476 1428 8,
1503 1381 1582 1428 Qui

250 1467 301 1492 ex
328 1454 389 1491 deo
416 1457 469 1490 est
494 1453 606 1491 verba
635 1454 696 1491 dez'
718 1455 834 1492 audit.
893 1453 1112 1492 Nonnullos
1141 1455 1245 1492 enirn
1273 1454 1327 1492 sic
1346 1454 1573 1504 plerumque

36 1530 194 1563 F01.175
205 1538 236 1561 a.
251 1525 447 1563 audientes
484 1525 655 1562 invenies
691 1537 736 1562 ac
775 1525 806 1562 si
844 1524 959 1562 nichil
996 1524 1046 1562 ad
1084 1537 1152 1563 eos
1193 1522 1458 1574 per*tineant2
1498 1537 1573 1575 que

252 1596 431 1633 dicuntur
449 1607 530 1633 non
549 1595 689 1633 intrare
707 1608 773 1634 cor
792 1607 916 1642 suum,
933 1608 1006 1634 nec
1025 1607 1153 1633 mores
1174 1608 1265 1634 suos
1285 1596 1482 1643 discutere,
1502 1608 1574 1634 nec

199 1684 240 1707 20
253 1667 421 1716 cogitare
440 1679 489 1704 ne
508 1665 602 1704 forte
622 1666 727 1716 quod
755 1666 913 1704 audiunt
942 1666 1086 1704 dictum
1106 1667 1153 1704 sit
1171 1674 1331 1717 propter
1350 1679 1419 1705 eos
1442 1679 1465 1705 a
1488 1667 1574 1714 deo,

250 1738 315 1787 qui
334 1738 492 1775 verbum
522 1749 634 1775 suum
653 1737 780 1775 vivum
809 1737 1054 1784 disseminat3
1095 1738 1189 1788 quin
1216 1738 1364 1787 pocius,
1392 1739 1423 1776 si
1451 1738 1576 1776 mani-

249 1809 345 1847 feste
365 1815 500 1846 contra
519 1808 617 1846 vicia
636 1808 698 1845 illa
717 1809 946 1857 processerit
961 1809 1100 1858 quibus
1121 1821 1161 1846 se
1182 1810 1358 1847 senciunt
1373 1809 1576 1859 obligatos,

250 1879 309 1917 vel
339 1879 579 1917 dissimulant
609 1886 647 1917 et
677 1886 853 1917 avertunt
885 1879 1020 1917 oculos
1051 1879 1178 1918 cordis
1209 1880 1277 1926 sui,
1310 1887 1375 1918 aut
1407 1880 1576 1930 qualibet

250 1950 528 1988 adinvencione
558 1951 703 2000 palient
733 1950 884 2000 peccati
913 1951 1044 1988 miseri
1071 1963 1145 2001 que
1175 1950 1358 1998 fecerunt,
1378 1951 1448 1998 vel,
1471 1951 1578 2001 quod

199 2033 238 2066 25
251 2021 460 2072 pessimum
506 2028 575 2068 est,
614 2028 748 2060 contra
795 2022 1030 2060 seminantes
1065 2023 1182 2060 verba
1229 2023 1413 2072 scripture
1455 2023 1577 2060 eciam

250 2092 442 2142 generalia
478 2093 519 2130 in
555 2093 703 2131 rabiem
739 2098 1015 2142 pervertuntur.
1090 2093 1137 2130 In
1175 2092 1259 2139 hiis,
1297 2093 1431 2143 inquit,
1466 2094 1579 2143 signa.

250 2163 382 2201 salutis
413 2175 494 2201 non
522 2164 647 2201 video.
705 2162 836 2213 Magis
866 2170 994 2201 autem
1022 2175 1157 2201 vereor
1187 2164 1306 2213 quod,
1327 2164 1423 2202 sicut
1454 2164 1505 2201 illi
1536 2164 1576 2201 in

250 2234 390 2284 quibus
429 2241 517 2272 sunt
555 2235 665 2284 signa
702 2234 881 2284 opposita
918 2246 992 2284 que
1038 2233 1181 2272 habent
1228 2235 1399 2273 maxima
1445 2234 1577 2272 salutis

250 2304 399 2351 iudicia,
425 2305 479 2343 sic
499 2305 559 2343 isti
578 2311 784 2355 propterea
812 2317 893 2343 non
922 2305 1081 2342 audiunt
1101 2305 1192 2355 quia
1211 2318 1258 2343 ex
1280 2305 1353 2343 deo
1374 2317 1455 2343 non
1475 2311 1575 2343 sunt.

1587 684 1614 710 It
1627 684 1650 711 is
1659 693 1676 710 a
1689 684 1751 717 sign
1763 683 1795 710 of
1804 684 1852 711 the

1584 724 1660 744 utter
1673 718 1772 750 heresy
1784 719 1812 744 oi

1585 752 1633 777 the
1646 753 1741 784 clergy
1754 752 1816 777 that

1585 786 1652 823 they
1663 794 1785 811 rnurrnur

1584 825 1696 851 against
1708 827 1818 851 anyone

1586 853 1650 878 who
1662 853 1723 885 lays
1735 852 1802 878 bare

1586 886 1633 911 the
1647 895 1727 912 sense
1736 886 1769 911 of

1588 919 1730 952 Scripture
1743 924 1772 946 to
1782 917 1855 946 their

1586 953 1706 986 reproof.

1585 1469 1629 1496 To
1641 1469 1709 1495 hear
1721 1469 1768 1495 the
1778 1469 1856 1496 word

1587 1503 1619 1529 of
1631 1503 1695 1529 God
1707 1502 1844 1536 willingly

1585 1536 1717 1598 ξοὲῗίςη
1726 1537 1758 1564 os
1763 1537 1855 1564 salva-

197 2386 239 2418 30
252 2375 369 2422 Quot,
389 2376 559 2426 inquam,
590 2382 677 2413 sunt
705 2375 820 2414 hodie
849 2376 915 2426 qui
934 2377 1093 2413 verbum
1126 2376 1308 2425 scripture
1339 2389 1419 2414 non
1449 2382 1574 2414 atten-
1586 2384 1759 2444 ffiofigavrvliito
1758 2384 1841 2445 ¹1»xvaillzle

251 2447 346 2485 dunt
366 2446 434 2484 sed
454 2447 583 2493 seculi,
603 2453 641 2484 et
660 2446 804 2484 nedum
824 2452 1010 2496 tanquam
1040 2446 1191 2484 desides
1217 2447 1346 2496 ipsum
1366 2459 1446 2485 non
1465 2448 1572 2485 audi·
1585 2460 1619 2477 us
1631 2452 1690 2478 sear
1701 2452 1769 2485 they
1781 2462 1829 2480 ase

250 2523 320 2555 unt
338 2517 397 2554 vel
416 2517 596 2555 locuntur
625 2517 695 2555 sed
732 2529 800 2555 eos
833 2518 898 2567 qui
929 2518 1057 2567 ipsum
1092 2517 1283 2555 seminant
1320 2525 1574 2568 expungnant

253 2587 462 2637 sophistice
481 2588 540 2626 vel
570 2588 728 2626 cautelis
753 2587 925 2625 subdolis
945 2589 1222 2637 persecuntur?
1277 2588 1328 2626 Et
1352 2589 1507 2638 signum
1527 2601 1575 2628 ac

250 2670 367 2696 causa
404 2658 580 2696 omniurn
619 2659 778 2697 istorum
816 2658 857 2695 in
895 2658 970 2696 hoc
1004 2658 1218 2696 ostenditur
1255 2659 1361 2709 quod
1399 2659 1461 2697 lex
1498 2659 1573 2698 Dei

198 2729 238 2763 35
251 2734 398 2768 tantum
428 2729 713 2778 contempnitur
743 2734 780 2767 et
808 2728 913 2778 leges
944 2729 1132 2768 seculares
1153 2742 1175 2767 a
1195 2729 1269 2768 deo
1300 2731 1571 2780 approbantur.

423 2809 434 2827 ¹
456 2809 603 2842 feorum?
626 2810 691 2851 lege
706 2820 904 2851 sermonum,
920 2810 1007 2843 Edd.
1138 2810 1151 2828 ²
1173 2811 1344 2852 pertineat,
1362 2819 1396 2844 Α.

1585 2490 1635 2512 not
1647 2485 1679 2513 of
1688 2486 1761 2514 God.
