2051 3299
177 252 255 303 148
880 261 945 292 DE
977 260 1170 293 orricio
1204 260 1358 292 REGIS.

449 374 624 405 mentum
662 367 817 413 ordinis,
851 367 1026 416 inpresso
1064 372 1254 404 caractere
1293 366 1400 403 aliter
1437 377 1554 415 quam
1589 365 1628 401 in
1659 364 1780 401 veteri

449 444 690 475 testamento.
746 438 797 475 Et
817 438 869 475 sic
888 438 927 474 in
948 438 1087 487 duplici
1115 437 1312 475 latitudine
1341 437 1431 474 cleri
1460 436 1672 474 secundum
1703 436 1776 473 ista

451 509 526 546 duo
548 509 745 558 principia,
767 508 934 558 Moysen
959 515 995 546 et
1017 508 1196 554 Cristurn,
1217 513 1274 547 est
1306 508 1395 546 dare
1426 508 1612 557 quotlibet
1635 506 1777 556 gradus

171 583 420 643 Ξξέἰὲῗὲξξάῑὶὶὲῡ
449 581 548 618 cleri.
605 580 655 617 Et
675 586 780 628 patet
801 581 861 617 via
883 581 932 617 ad
952 580 1197 628 intelligenda
1223 579 1377 616 decreta
1406 584 1625 616 sanctorum
1645 580 1684 615 in
1704 578 1777 616 ista

171 651 312 683 language
325 651 357 689 φῖ
395 683 401 688 .
449 651 618 688 materia.
666 650 770 688 Nam
786 651 920 688 beatus
935 650 1122 688 Ysidorus
1138 651 1191 688 sic
1210 651 1341 688 scribit
1356 657 1397 687 ut
1412 650 1589 687 recitatur
1606 663 1624 687 2
1636 655 1676 686 Ia
1692 650 1776 688 dist.

171 684 283 710 various
295 689 382 710 saluts
395 692 422 709 m

170 718 421 784 aeffossicpffisslst’he
453 722 580 760 Cleros
608 726 642 760 et
667 723 815 760 clericos
843 724 929 759 hinc
962 723 1159 771 appellatos
1188 735 1260 759 esse
1288 723 1470 759 credimus
1490 723 1579 769 quia
1599 721 1776 758 Malliias
1792 720 1945 794 35:012}ss

1827 774 1863 794 IS·
1949 787 1957 794 -

169 785 374 849 {lfflffcffiogoffl
447 798 541 831 sorte
559 798 612 831 est
627 795 754 831 electus
772 807 874 842 quem
890 795 1059 842 primum
1072 800 1144 842 per
1162 793 1338 841 apostolos
1369 793 1524 841 legimus
1549 793 1774 830 ordinatum.
1792 817 1819 839 ς,
1841 815 1868 838 1,

171 853 278 883 κλῆρος,
294 863 311 879 a
325 855 373 885 lot,

169 886 199 917 (i)
213 886 251 919 by
261 887 308 912 the
318 887 437 915 election

171 920 209 951 by
223 920 261 946 lot
276 921 305 946 of
487 939 493 945 .
538 939 544 945 .
767 939 773 944 .
802 939 808 945 .
895 938 900 944 .
1359 937 1365 943 .
1399 937 1405 943 .
1583 937 1588 943 .

171 953 328 985 Matthias;
348 955 438 989 (inby
449 939 537 974 dicti
566 942 654 974 sunt
678 938 801 974 clerici
832 951 920 985 quia
953 937 994 973 de
1026 941 1120 973 sorte
1149 940 1236 973 sunt
1263 937 1399 973 domini
1433 936 1493 972 vel
1520 949 1608 984 quia
1629 940 1777 985 partem

170 987 314 1054 ἱὲῗηῖξῖἷιῖ
322 989 397 1049 Gss‘ti
410 1024 441 1050 of
450 1009 594 1045 domini
607 1009 746 1045 liabent.
799 1007 1028 1045 Generaliter
1042 1012 1158 1044 autem
1175 1008 1318 1044 clerici²
1337 1008 1546 1055 nuncupati
1555 1012 1643 1044 sunt
1659 1020 1778 1044 omnes
1797 1019 1835 1040 ιο

170 1055 353 1132 ἓΕῙΞΞΞΞΪΣΞ’
447 1080 579 1128 quiin
609 1081 755 1116 ecclesia
792 1079 917 1117 Cristi
935 1080 1153 1116 deserviunt.
1210 1078 1311 1116 Ecce
1342 1078 1411 1115 iste
1446 1084 1599 1115 sanctus
1630 1078 1777 1115 videtur

450 869 582 914 Κλῆρος
595 864 607 884 ¹
628 868 722 903 enim
736 879 855 914 grece,
876 867 989 902 latine
1006 878 1088 902 sors
1107 866 1165 902 vel
1190 865 1372 902 hereditas
1401 866 1564 901 dicitur:
1583 869 1778 914 propterea

449 1151 609 1188 innuere
630 1151 736 1200 quod
757 1151 804 1188 de
816 1163 957 1199 genere
986 1150 1075 1187 cleri
1096 1150 1209 1187 Cristi
1231 1149 1399 1187 Mathias
1427 1149 1497 1187 fuit
1527 1149 1678 1199 primus
1709 1150 1775 1199 qui

450 1221 644 1259 ordinatus
665 1228 721 1259 est
742 1221 1006 1259 sacramentali
1027 1221 1281 1259 institucione.
1338 1221 1388 1258 Et
1407 1221 1495 1259 hinc
1515 1221 1630 1259 credo
1650 1222 1777 1270 ipsum

450 1293 564 1330 fuisse
597 1299 696 1331 sorte
727 1293 893 1330 electum
907 1293 930 1338 3,
959 1298 999 1330 ut
1031 1299 1182 1330 notetur
1211 1305 1357 1330 nomen
1385 1293 1510 1331 clerici
1539 1306 1561 1330 a
1591 1293 1777 1331 divisione

449 1364 667 1402 hereditatis
696 1364 796 1402 faeta
824 1377 892 1413 per
922 1371 1064 1401 sortem
1085 1364 1295 1413 sumpsisse
1324 1364 1537 1401 exordium.
1598 1363 1778 1402 Secundo
1793 1372 1841 1402 Y.

448 1435 668 1484 intelligitur
688 1435 828 1472 dictum
848 1435 948 1472 beati
969 1435 1152 1472 Ieronimi
1172 1435 1341 1484 positum
1361 1435 1402 1472 in
1423 1435 1584 1473 decretis
1611 1436 1663 1472 xli
1684 1448 1720 1485 q.
1742 1436 1753 1472 i
1770 1448 1778 1472 :
1793 1441 1951 1524 Decret.Q
1978 1483 1985 1488 .

1795 1492 1824 1515 C.
1839 1492 1907 1514 XII.
1955 1508 1961 1513 .
1976 1494 1997 1514 1.

172 1509 199 1535 S·
213 1510 334 1542 Jerome.
454 1505 623 1543 Clericus
651 1508 720 1554 qui
738 1505 863 1543 Cristi
887 1507 1004 1542 servit
1028 1506 1167 1542 ecclesie
1196 1507 1451 1553 interpretetur
1471 1507 1642 1555 primum
1671 1519 1782 1543 voca·
1795 1539 1822 1559 c.
1838 1536 1867 1568 5·

451 1579 575 1615 bulum
606 1591 712 1614 suum
742 1582 776 1614 et
803 1578 964 1614 nominis
991 1577 1210 1627 diffinicione
1233 1578 1388 1626 prolata
1419 1579 1563 1614 nitatur
1591 1591 1662 1615 esse
1686 1579 1786 1627 quod

451 1650 600 1687 dicz'tur.
657 1648 707 1686 Si
721 1650 816 1685 enim
846 1651 969 1696 κλῆρος
992 1662 1100 1697 grece
1120 1649 1230 1685 latine
1248 1661 1329 1685 sors
1348 1649 1568 1697 appellatur,
1583 1653 1779 1698 propterea

450 1721 579 1757 clerici
593 1721 768 1756 dicuntur
786 1721 875 1768 quia
896 1720 937 1756 de
954 1724 1049 1756 sorte
1069 1720 1211 1756 domini
1225 1723 1319 1766 sunt,
1337 1720 1396 1756 vel
1410 1721 1498 1768 quia
1518 1721 1592 1769 ipse
1611 1721 1779 1757 dominus
1793 1728 1834 1750 20

450 1804 531 1827 sors
561 1795 595 1828 et
616 1798 714 1839 pars
743 1791 957 1827 clericorum
983 1794 1041 1827 est.
1099 1789 1157 1826 Et
1172 1791 1260 1839 quia
1281 1791 1340 1827 vel
1365 1791 1438 1839 ipse
1461 1797 1556 1839 pars
1575 1791 1718 1827 domini
1732 1795 1784 1828 est

451 1863 509 1899 vel
534 1862 747 1899 dominum4
770 1865 915 1910 partem
947 1861 1079 1898 habeat
1108 1862 1214 1897 talem
1245 1875 1281 1898 se
1309 1861 1481 1899 exhibere
1513 1861 1610 1898 debet
1639 1865 1681 1898 ut
1711 1863 1784 1911 ipse

442 1934 632 1982 possideat
647 1934 832 1969 dominum
852 1937 885 1968 et
901 1933 974 1981 ipse
993 1933 1228 1981 possideatur
1247 1945 1270 1968 a
1290 1934 1443 1969 domino.
1504 1932 1583 1978 Qui
1597 1933 1783 1970 dominum

442 2005 607 2053 possidet
640 2008 675 2040 et
708 2017 789 2040 cum
828 2004 1008 2053 propheta
1047 2005 1136 2040 dicit
1172 2007 1286 2052 ‘pars
1324 2016 1401 2040 mea
1439 2003 1626 2041 dominus'
1666 2005 1785 2041 nichil

451 2080 565 2113 extra
611 2076 796 2112 dominum
837 2075 969 2111 habere
1007 2079 1133 2123 potest.
1212 2074 1319 2120 Quod
1359 2075 1398 2111 si
1438 2075 1626 2123 quidpiam
1675 2076 1784 2112 aliud
1793 2080 1832 2113 25

453 2147 624 2183 habuerit
649 2151 803 2195 praeter
835 2146 1020 2182 dominum
1046 2152 1145 2194 pars
1178 2147 1254 2183 eius
1283 2159 1354 2183 non
1382 2147 1456 2183 erit
1482 2147 1649 2183 dominus
1681 2147 1786 2184 verbi

446 2219 587 2266 gracia
619 2218 678 2253 ‘si
711 2229 847 2253 aurum
887 2216 968 2253 vel⁵
1006 2216 1224 2265 argentunz‚'
1254 2218 1291 2253 si
1320 2218 1568 2265 possessiones,
1603 2218 1641 2253 si
1669 2218 1782 2254 varz'a

451 2289 687 2338 supellectilia
707 2301 787 2324 cum
809 2289 889 2324 istis
900 2288 1076 2336 partibus
1096 2289 1263 2325 dominus
1289 2301 1361 2325 non
1382 2289 1560 2338 dignatur
1568 2289 1667 2338 fieri
1682 2296 1783 2338 pars

451 2361 538 2397 eius.
569 2359 619 2397 Si
630 2364 747 2396 autem
762 2372 825 2407 ego
836 2366 935 2408 pars
950 2360 1093 2396 domini
1102 2372 1181 2396 sum
1197 2363 1232 2396 et
1231 2360 1436 2409 funiculus
1450 2360 1662 2397 hereditates
1673 2362 1749 2397 eius
1756 2361 1778 2406 θ,

452 2444 524 2467 non
558 2431 696 2479 accipio
725 2434 872 2478 partem
912 2431 1008 2466 inter
1044 2434 1177 2466 ceteras
1209 2430 1337 2477 tribus,
1369 2431 1433 2467 sed
1465 2432 1578 2479 quasi
1610 2431 1717 2468 levita
1748 2435 1781 2468 et
1791 2434 1833 2465 30

451 2502 618 2538 sacerdos
641 2503 724 2538 vivo
744 2501 784 2537 de
814 2502 971 2545 decimis,
992 2502 1135 2538 altari⁷
1153 2503 1313 2538 serviens
1335 2502 1472 2538 altaris
1495 2502 1676 2538 oblacione
1699 2515 1781 2539 sus-

451 2576 577 2610 tentor.
634 2572 787 2608 Habens
807 2573 943 2608 victum
963 2576 997 2608 et
1016 2574 1181 2609 vestitum
1201 2572 1275 2608 hiis
1294 2576 1477 2609 contentus
1495 2585 1565 2618 ero,
1586 2576 1620 2608 et
1642 2573 1781 2611 nudam

453 2656 593 2680 crucem
626 2644 747 2680 nudus
779 2656 922 2691 sequar.
980 2643 1030 2680 Et
1068 2650 1172 2692 patet
1205 2643 1398 2681 sentencia
1432 2643 1530 2681 dicta
1564 2643 1611 2681 de
1645 2644 1781 2682 clerico

496 2751 504 2768 ¹
533 2752 660 2792 Cleros,
678 2760 713 2791 Α,
731 2760 760 2782 Β.
872 2751 884 2768 ²
906 2752 1003 2784 verba
1026 2753 1102 2794 quia
1126 2753 1167 2784 de
1189 2757 1274 2785 sorte
1298 2777 1304 2784 .
1331 2778 1338 2785 .
1364 2777 1371 2784 .
1396 2757 1504 2784 autem
1521 2752 1643 2793 clerici,
1659 2760 1720 2784 om.
1744 2760 1781 2785 A.

452 2804 464 2821 ³
482 2805 636 2836 clericum
653 2809 718 2845 pro
734 2804 886 2844 electum,
903 2813 937 2836 A.
1013 2805 1023 2822 ⁴
1041 2805 1177 2844 domini,
1194 2814 1227 2836 A.
1316 2805 1328 2822 ⁶
1344 2806 1370 2836 si
1387 2810 1451 2846 pro
1468 2805 1529 2844 vel,
1548 2813 1579 2836 B.
1673 2804 1685 2821 ⁶
1700 2806 1780 2842 eius,

452 2867 511 2886 om.
531 2865 563 2887 A.
654 2855 666 2873 ⁷
690 2856 782 2888 alteri
798 2861 862 2897 pro
878 2857 982 2892 altari,
1002 2865 1033 2887 Α.
