2051 3299
190 245 266 298 178
887 253 952 284 DE
982 251 1179 284 orrrcro
1212 251 1366 284 REG1s.

461 359 711 397 frustracione
738 358 892 408 publica
920 358 994 395 nisi
1023 357 1129 408 quod
1156 357 1281 406 magis
1304 355 1464 394 subdole
1498 362 1535 394 et
1561 354 1786 405 profundius

461 431 615 469 frustrat
653 430 738 468 talis
775 429 942 467 discolus
985 440 1141 466 causam
1189 428 1295 477 legis.
1372 427 1489 474 Quid,
1529 439 1638 476 rogo,
1675 426 1787 464 refert

461 502 608 540 discere
628 501 774 539 scolam
794 512 862 550 per
882 511 999 549 quam
1020 512 1042 537 a
1060 499 1144 548 lege
1168 498 1280 536 Cristi
1309 498 1529 536 distrahitur
1547 498 1587 534 in
1608 497 1725 543 scola,
1745 497 1785 534 in

185 583 334 617 Anything
346 583 436 624 might
460 585 624 618 camera,
655 571 713 609 vel
747 572 818 608 sub
850 570 963 608 divo?
1021 569 1082 607 Sic
1116 570 1219 607 enim
1249 569 1404 619 posset¹
1435 569 1528 618 fingi
1557 568 1678 606 Glosa
1706 568 1788 618 pari

180 618 357 678 Εὲεὲῗὲξιῗιῗ
376 619 687 681 ‘pn'auetoritate
707 642 918 693 quodlicet
937 640 1046 678 dictis
1068 640 1214 678 clericis
1243 640 1389 678 discere
1416 640 1507 677 istas
1538 639 1720 677 sciencias
1748 639 1788 675 in
1802 648 1819 680 5

459 726 706 764 quocumque
723 714 861 752 solario
876 710 955 750 vel2
975 711 1180 762 sophistice
1200 711 1430 761 baptisando
1450 711 1535 749 loca
1554 717 1590 749 et
1610 710 1788 748 faciendo

458 798 652 823 cameram
673 786 721 823 de
741 785 846 823 scola
865 786 923 823 vel
942 785 1048 835 quod
1074 783 1364 832 intelligendum
1393 789 1450 820 est
1478 782 1525 820 de
1554 782 1658 820 scola
1686 787 1789 819 tecta

457 856 650 894 stramine.
706 855 952 906 Ubicumque
980 856 1094 905 igitur
1122 854 1329 892 offenditur
1356 854 1404 890 in·
1425 865 1583 891 causam
1610 853 1707 902 legis
1732 859 1788 890 est

179 920 304 954 Equany
316 921 421 948 ¹¹⁵e¹e⁵⁵
458 927 631 965 offensor
666 927 1049 976 proporcionabiliter
1083 925 1312 981 puniendus.
1369 923 1454 962 Nec
1483 924 1583 962 valet
1609 929 1651 961 2a
1679 923 1837 973 glosaQ

179 959 208 980 to
222 955 357 981 maintain
367 956 429 981 that

178 987 446 1049 {Zffgrffissvfi‘gjoe
459 1010 536 1047 qua
559 998 694 1035 dicitur
724 997 830 1047 quod
864 997 952 1034 licet
977 1002 1109 1034 curato
1139 996 1209 1033 has
1239 995 1343 1045 leges
1372 995 1552 1040 adiscere,
1573 995 1626 1032 sic
1654 1000 1786 1032 tamen
1805 1004 1844 1027 10

177 1055 446 1124 ffeegffffssss'jtffissat
458 1068 565 1117 quod
598 1081 679 1106 non
708 1080 777 1118 per
811 1068 910 1106 duos
948 1079 1104 1105 menses
1138 1066 1369 1105 continuos:
1414 1066 1535 1112 aliter,
1570 1065 1749 1116 inquiunt
1762 1065 1786 1112 ³,

177 1122 254 1148 them
267 1124 309 1149 for
321 1129 376 1150 two
559 1140 566 1147 .
623 1140 630 1147 .
663 1140 670 1147 .
711 1140 717 1147 .
994 1139 1001 1147 .
1145 1138 1152 1145 .
1299 1138 1306 1145 .
1375 1138 1382 1145 .
1756 1139 1763 1146 .

176 1157 429 1185 monthscontinu-
456 1152 537 1178 non
557 1140 688 1177 incidit
708 1152 747 1176 1n
766 1151 909 1189 penam
929 1139 1034 1188 legis.
1093 1138 1223 1176 Primo
1243 1150 1333 1188 quia
1353 1150 1406 1176 sic
1432 1138 1671 1175 frustraretur
1690 1137 1787 1187 legls

176 1191 268 1223 ⁰⁰⁵¹y'
456 1211 636 1257 intencio,
653 1211 749 1248 sicut
769 1223 903 1260 supra;
935 1210 1104 1247 secundo
1120 1210 1210 1260 quia
1230 1221 1347 1247 nemo
1366 1209 1428 1246 hic
1447 1209 1609 1247 intendit
1624 1210 1787 1247 sciencie

457 1295 525 1332 per
562 1282 659 1320 duos
696 1294 852 1319 menses
891 1282 1098 1319 continuos
1144 1293 1216 1318 nec
1263 1293 1331 1330 per
1378 1280 1492 1327 diem,
1533 1280 1646 1330 quale
1693 1292 1787 1330 ergo

176 1358 203 1383 A
215 1358 273 1391 day
284 1367 370 1391 every
457 1353 654 1402 sophisma
673 1352 773 1391 foret
791 1353 941 1402 legibus
961 1352 1142 1390 continue
1163 1351 1209 1388 lv.
1231 1352 1368 1389 diebus
1387 1351 1585 1388 intendere
1605 1358 1643 1389 et
1663 1352 1787 1389 solum
1805 1357 1842 1390 Ῑ5

175 1391 376 1452 ffffiffingssnffitge
389 1428 433 1453 for
459 1424 672 1461 alternatim
705 1436 839 1461 vacare
868 1419 1059 1472 theologie
1092 1423 1149 1460 lvi.
1183 1423 1270 1460 die?
1339 1422 1444 1460 Sicut
1472 1434 1567 1471 ergo
1596 1422 1703 1460 locus
1732 1429 1789 1460 est

175 1459 311 1525 {lgffiogy
323 1461 425 1487 omns
458 1495 706 1544 impertinens
752 1494 1043 1532 frustracionem
1092 1506 1205 1531 cause
1252 1493 1406 1537 decreti,
1449 1493 1504 1530 sic
1550 1499 1588 1530 et
1634 1500 1787 1543 tempus

454 1566 679 1604 continuum
707 1565 766 1603 vel
794 1566 1009 1603 discretum.
1081 1564 1133 1602 Et
1163 1571 1207 1613 30
1245 1570 1361 1614 patet,
1397 1564 1428 1601 si
1462 1571 1609 1602 tantam
1643 1577 1785 1614 penam

455 1637 597 1674 subibit
622 1649 693 1686 pro
720 1642 894 1686 tempore
924 1636 1037 1673 studii
1066 1635 1231 1673 duorum
1257 1636 1459 1682 mensium,
1480 1636 1787 1685 proporcionalis

452 1721 551 1758 pene
572 1715 628 1746 est
648 1720 735 1746 reus
754 1721 824 1757 pro
845 1715 1018 1757 tempore
1038 1707 1152 1745 studii
1172 1707 1365 1752 brevioris,
1380 1707 1470 1757 quia
1489 1714 1616 1745 autem
1637 1714 1786 1746 tantum
1803 1712 1842 1734 ²0

453 1780 651 1829 puniretur
669 1780 824 1817 vacacio
848 1780 1090 1817 instantanea
1110 1778 1170 1816 vel
1198 1778 1391 1815 infinitum
1420 1779 1544 1816 brevis
1574 1779 1613 1816 in
1643 1779 1719 1817 fine
1748 1787 1786 1817 θῖ

453 1850 610 1887 vacacio
634 1850 914 1900 quantumlibet
942 1850 1059 1899 longa
1087 1849 1302 1899 precedens
1331 1848 1553 1887 succederet
1581 1850 1782 1899 impunita,

175 1927 365 1988 Norganthel
456 1920 562 1971 quod
597 1920 693 1958 foret
725 1921 922 1970 sophisma
959 1920 1033 1957 deo
1071 1920 1225 1957 odibile.
1282 1919 1366 1958 Nec
1400 1920 1497 1957 valet
1535 1921 1651 1958 tercia
1688 1921 1786 1971 legis

173 1970 445 2056 ΞΞΞῙὲΞΞΞὲΞΞῗ
457 1991 654 2029 frustracio
683 2004 760 2041 qua
787 1992 973 2041 allegatur
1004 1991 1243 2041 privilegium
1275 2004 1374 2041 pape
1404 1992 1463 2028 vel
1497 1993 1674 2041 specialis
1703 1993 1785 2030 eius

173 2038 295 2089 thelagw-
351 2039 370 2063 g
454 2062 627 2100 licencia.
698 2062 827 2100 Primo
866 2063 956 2111 quia
994 2074 1075 2099 non
1108 2062 1207 2100 valet
1247 2062 1396 2112 papalis
1433 2062 1596 2099 licencia
1629 2063 1702 2100 nisi
1736 2064 1784 2101 de
1800 2076 1838 2108 25

451 2138 597 2182 quanto
616 2131 728 2170 fuerit
746 2132 904 2170 fundata
917 2132 932 2153 4
952 2133 1117 2170 racione.
1175 2132 1277 2170 Cum
1303 2133 1418 2182 igitur
1438 2133 1651 2182 precedens
1670 2146 1784 2184 papa,

450 2215 542 2252 ymo
571 2203 788 2249 consilium,
810 2203 862 2242 sic
885 2204 1103 2250 decreverit,
1126 2204 1273 2242 videtur
1293 2204 1399 2254 quod
1419 2203 1534 2242 hodie
1558 2205 1783 2243 imminente

451 2274 586 2312 maiori
634 2275 860 2313 necessitate
905 2274 1040 2313 sicud5
1082 2281 1154 2313 stat
1191 2275 1296 2313 racio
1334 2275 1387 2313 sic
1431 2281 1548 2312 staret
1586 2277 1784 2314 sentencia

451 2344 662 2382 decretalis.
720 2345 850 2383 Hodie
885 2358 1056 2396 namque
1088 2352 1146 2384 est
1177 2346 1301 2395 magis
1335 2346 1551 2384 necessaria
1588 2346 1783 2385 fructuosa

451 2415 669 2465 predicacio
703 2417 807 2454 verbi
847 2417 920 2455 dei.
977 2416 1075 2454 Item
1106 2429 1174 2453 rex
1213 2416 1329 2454 habet
1360 2417 1542 2454 interesse
1581 2428 1670 2454 cum
1703 2418 1781 2455 suis
1794 2427 1837 2458 30

451 2486 727 2525 elemosinariis
747 2488 902 2525 racione
929 2487 1142 2526 dotacionis
1164 2488 1436 2527 condicionate
1456 2500 1574 2538 quam
1594 2499 1675 2525 non
1695 2488 1782 2527 licet

451 2569 552 2607 pape
574 2557 791 2608 infringere.
851 2558 927 2596 Sed
948 2571 1017 2608 per
1039 2558 1128 2597 talia
1156 2559 1356 2609 privilegia
1384 2558 1662 2608 infringeretur,
1683 2571 1782 2609 ergo

452 2641 518 2666 rex
557 2628 672 2667 debet
710 2630 750 2666 in
789 2630 869 2667 istis
907 2630 1092 2667 resistere.
1169 2629 1360 2668 Condicio
1401 2637 1531 2667 autem
1568 2630 1778 2668 elemosine

451 2706 634 2749 perpetue
654 2706 770 2738 estut
793 2700 1081 2738 elemosinarius
1110 2700 1246 2738 serviat
1275 2701 1355 2749 regi
1383 2706 1421 2738 et
1449 2712 1569 2749 regno
1593 2700 1777 2750 spirituali

495 2789 505 2808 ¹
522 2795 639 2832 potest,
658 2799 688 2823 B.
755 2791 768 2809 ’-’
782 2792 844 2831 vel,
861 2792 936 2824 add.
954 2796 1030 2823 ante
1048 2793 1155 2834 soph.5
1173 2800 1205 2824 A.
1275 2792 1286 2809 ³
1311 2792 1484 2832 inquirunt,
1502 2800 1534 2823 A.
1604 2791 1615 2810 4
1639 2792 1773 2824 fundata

450 2842 557 2882 fuerit,
572 2844 640 2874 ord.
658 2844 726 2874 inv.
747 2852 776 2874 Β.
867 2844 878 2861 ⁵
902 2846 957 2882 sic,
975 2853 1007 2875 A.
