2051 3299
185 205 239 246 92
884 201 950 233 DE
981 200 1177 233 OFFICIO
1209 201 1365 234 REGIS.

465 307 683 346 secundarii
714 313 862 345 tantam
883 320 905 345 a
925 308 1104 346 membro
1125 307 1386 358 principaliori
1416 307 1506 346 facit
1527 307 1654 358 ipsum
1674 320 1799 346 mem-

463 380 576 416 brum
606 379 867 428 principalius.
934 378 1042 428 Ergo
1071 391 1230 417 omnem
1259 379 1532 429 operacionem
1563 392 1682 429 quam
1710 379 1802 417 facit

462 450 584 499 legius
616 451 716 500 regis
742 450 950 488 influencia
976 457 1014 488 et
1039 450 1264 488 auctoritate
1290 451 1390 500 regis
1421 450 1511 489 facit
1542 456 1580 488 et
1610 463 1677 488 rex
1706 450 1801 499 ipse.

465 520 528 559 Sic
562 521 666 559 enirn
700 534 787 559 vere
822 522 996 568 dicimus,
1031 521 1137 571 quod
1170 534 1237 559 cor
1271 521 1361 559 facit
1392 522 1511 559 vitam
1542 522 1582 558 in
1615 521 1800 559 membris

183 593 610 639 Acaptain,‘does'ceteris,
633 599 751 642 caput
770 593 858 630 facit
879 605 1138 642 progressum,
1160 598 1198 630 et
1219 593 1273 630 sic
1294 593 1342 630 de
1363 593 1458 630 aliis.
1516 592 1643 631 Multo
1673 593 1799 642 magis
1812 605 1830 638 5

183 631 325 657 whatever
335 640 358 656 rs
377 632 450 657 done

182 665 433 698 byhispeopleas
463 675 556 713 ergo
594 664 892 702 concedendum
930 664 1087 711 videtur,
1127 664 1235 714 quod
1273 664 1496 714 capitaneus
1533 663 1670 714 populi
1709 663 1800 701 facit

183 699 260 724 such.

182 739 377 806 gsspiffssissted
463 735 647 785 quicquid
680 735 811 773 fecerit
850 748 942 774 suus
980 735 1148 785 populus
1187 742 1390 784 tamquam
1428 747 1531 773 suus.
1590 734 1629 772 Si
1668 740 1799 772 autem

183 807 439 867 {ssssssffigffi‘ffffly’
463 806 594 844 fecerit
613 806 759 856 aliquid
779 814 816 844 et
835 819 916 844 non
938 807 1010 843 sub
1031 807 1188 844 racione
1208 806 1267 843 vel
1288 806 1513 844 auctoritate
1534 818 1652 856 quam
1668 805 1797 852 habet,

182 874 419 942 ξξῐῗξὲξὶξξέξῖ
464 889 536 915 nec
557 877 673 915 debet
693 877 846 923 habere,
870 877 917 914 de
939 878 1024 927 ipso
1045 878 1263 927 capitaneo,
1295 883 1385 915 tunc
1404 877 1528 915 saccio
1544 889 1625 914 non
1649 883 1706 915 est
1725 876 1799 926 ipsi

463 949 664 998 capitaneo
702 948 918 995 tribuenda,
957 953 1000 985 ut
1046 960 1208 998 peccare
1246 960 1326 986 non
1365 949 1562 986 atribuitur
1599 947 1686 986 Deo
1725 960 1797 986 nec
1812 958 1853 983 10

464 1019 603 1057 Cristo.
658 1019 756 1057 Inde
785 1019 974 1069 prodicio,
999 1019 1090 1069 quia
1110 1026 1227 1069 caput
1246 1020 1373 1069 ipsum
1394 1032 1467 1057 nec
1488 1020 1701 1058 auctoravit
1726 1032 1799 1058 nec

461 1090 594 1128 debuit
622 1096 665 1127 ut
695 1091 748 1128 sic
778 1090 854 1128 fiat.
912 1090 1142 1128 Notandum
1171 1097 1301 1128 tamen
1331 1092 1460 1141 quod1
1485 1092 1584 1129 sicut
1611 1091 1800 1141 prescitus

460 1168 497 1200 et
535 1162 819 1212 predestinatus
861 1167 1019 1211 propter
1060 1162 1289 1200 divisionem
1336 1175 1417 1201 non
1460 1162 1605 1200 faciunt
1648 1163 1801 1200 unum2

461 1245 604 1283 corpus
624 1233 822 1271 moraliter
842 1233 911 1271 sed
930 1233 1163 1279 naturaliter,
1181 1234 1235 1271 sic
1255 1234 1504 1272 comunicant
1519 1234 1559 1271 in
1575 1234 1799 1272 substancia

185 1311 569 1377 Buttifaspilritualactus
600 1311 638 1342 et
669 1316 751 1342 non
771 1305 810 1341 in
831 1304 969 1341 merito
997 1304 1075 1342 sive
1096 1304 1295 1343 demerito.
1355 1305 1394 1343 Si
1421 1312 1551 1343 autem
1574 1305 1797 1355 temporalis
1813 1319 1852 1352 15

183 1361 215 1378 or
241 1361 355 1384 empora

183 1386 259 1411 mier
272 1386 324 1412 iets
337 1385 381 1411 his
461 1377 521 1414 vel
541 1376 748 1426 spiritualis
770 1376 991 1425 prepositus
1022 1376 1138 1414 habet
1169 1377 1343 1415 subditos
1372 1377 1557 1415 facientes
1588 1377 1798 1426 quicquam

183 1420 309 1452 subjects
321 1429 366 1445 err

182 1453 428 1513 igerffiffiitshffuilee'
462 1447 683 1485 inordinate
714 1454 875 1497 propter
904 1447 1190 1496 negligenciam
1222 1448 1281 1485 sui
1310 1448 1521 1497 regiminis,
1551 1454 1644 1485 tunc
1675 1447 1798 1486 saccio

410 1507 416 1519 ‚

181 1521 230 1546 the
244 1520 412 1547 erroroshis
464 1518 626 1556 subiecti
660 1517 828 1567 inputari
860 1517 975 1555 debet
1013 1519 1211 1568 preposito
1244 1531 1316 1557 suo
1350 1519 1399 1556 ad
1438 1519 1604 1569 culpam,
1634 1525 1672 1556 et
1709 1518 1799 1556 ideo

182 1554 307 1581 sub'ects
320 1554 343 1580 is
355 1554 409 1580 his.

183 1564 351 1614 Thijsissthe
363 1587 433 1622 peril
462 1589 725 1640 periculosus3
765 1595 822 1627 est
865 1595 986 1627 status
1033 1590 1230 1640 utriusque
1277 1591 1464 1640 prepositi
1504 1603 1552 1628 ex
1591 1602 1796 1628 consensa

182 1622 215 1649 of
224 1622 322 1649 rulers.
463 1660 548 1698 Nec
563 1660 676 1698 video
696 1660 790 1710 quin
810 1660 988 1698 homines
1009 1661 1133 1698 sancti
1153 1668 1406 1714 cooperantes
1424 1660 1442 1681 ‘¹‘
1460 1674 1549 1699 cum
1566 1661 1696 1712 aliquo
1712 1658 1797 1714 [ad]
1813 1667 1861 1697 20
1878 1669 1913 1698 d.

461 1733 612 1770 bonum
641 1731 836 1769 moraliter
866 1731 1011 1768 faciunt
1041 1732 1134 1769 illud
1160 1733 1321 1779 bonum,
1354 1733 1452 1770 sicut
1480 1745 1617 1770 omnes
1645 1732 1800 1782 presciti

462 1809 717 1853 cooperantes
737 1814 827 1840 cum
854 1809 1059 1852 peccatore
1089 1803 1139 1841 ad
1168 1803 1316 1841 malum
1344 1803 1490 1841 faciunt
1519 1804 1611 1841 illud
1639 1804 1797 1842 malum.

464 1874 528 1912 Sic
558 1874 663 1911 enirn
693 1874 803 1911 multi
837 1874 1017 1912 homines
1056 1880 1094 1912 et
1132 1887 1268 1912 eorum
1299 1876 1472 1925 singulus
1500 1875 1616 1913 trahit
1643 1888 1795 1922 navem,

463 1951 500 1983 et
538 1945 626 1982 licet
679 1944 751 1982 sit4
789 1945 829 1981 in
883 1944 1057 1983 faecione
1106 1946 1292 1995 spirituali
1340 1959 1415 1996 que
1463 1959 1545 1985 non
1591 1946 1799 1996 impeditur

464 2016 663 2061 distancia,
699 2022 830 2053 tamen
864 2029 931 2053 rex
966 2023 1003 2053 et
1036 2016 1133 2054 alius
1166 2018 1382 2067 prepositus
1412 2018 1470 2056 vel
1500 2024 1652 2056 curatus
1682 2018 1799 2056 habet
1813 2032 1853 2066 25

464 2088 662 2125 racionem
702 2086 966 2136 spiritualem5
998 2100 1046 2125 ex
1085 2088 1345 2137 singularitate
1384 2090 1554 2139 suscepti
1592 2090 1800 2140 regiminis.

466 2158 529 2196 Sic
569 2158 676 2207 quod
713 2171 784 2207 pro
822 2158 1000 2196 felicitate
1036 2159 1281 2197 comunicata
1318 2173 1366 2198 ex
1409 2173 1480 2198 suo
1518 2162 1705 2212 regimine
1742 2161 1801 2199 vel

465 2230 668 2268 deficiente
699 2242 747 2266 ex
778 2229 929 2267 defectu
945 2230 957 2250 ⁶
978 2230 1035 2267 sui
1055 2231 1252 2279 regiminis
1268 2229 1286 2250 *
1309 2232 1527 2270 mercedem
1547 2233 1799 2282 proporcion-
1813 2248 1976 2279 F01,130
1987 2256 2019 2279 a,

464 2300 565 2337 alem
592 2301 759 2350 recipiet,
781 2307 820 2338 et
844 2301 897 2338 sic
919 2307 1038 2338 status
1068 2302 1252 2351 prepositi
1281 2303 1477 2353 utriusque
1506 2310 1562 2341 est
1589 2304 1706 2342 alcior
1732 2305 1799 2342 sed

464 2371 718 2421 periculosior
739 2384 857 2421 quam
878 2378 998 2409 status
1012 2373 1069 2410 sui
1086 2373 1250 2420 subditi;
1281 2374 1370 2423 quia
1383 2375 1480 2412 sicut
1493 2387 1540 2412 ex
1557 2375 1800 2424 perfeccione
1814 2394 1856 2425 30

467 2443 525 2480 sui
557 2443 673 2480 officii
705 2443 874 2492 adauget
905 2443 977 2481 sibi
1006 2444 1198 2491 meritum,
1221 2444 1274 2482 sic
1304 2458 1352 2482 ex
1382 2445 1604 2484 defeccione
1634 2446 1800 2496 adauget

467 2514 539 2551 sibi
568 2514 810 2551 demeritum.
867 2514 918 2551 Et
942 2521 1098 2564 propter
1126 2515 1201 2553 hoc
1231 2515 1364 2553 dicunt
1394 2516 1571 2554 doctores
1595 2517 1702 2566 quod
1732 2530 1799 2555 rex

186 2587 422 2655 ᾉΓὲὲίῗοῑξὸζέἔώε
466 2583 516 2622 ad
536 2583 823 2621 similitudinem
844 2584 904 2622 dei
925 2584 1041 2622 habet
1061 2585 1195 2635 triplex
1212 2598 1295 2624 esse
1316 2587 1355 2624 in
1376 2600 1496 2636 regno
1508 2600 1518 2634 ;
1551 2588 1694 2626 scilicet
1715 2600 1800 2626 esse

511 2693 527 2733 ¹⁴
544 2703 605 2724 om.
630 2693 732 2734 quod,
758 2701 793 2723 A.
911 2692 923 2710 ²
947 2692 1115 2733 christum,
1141 2703 1177 2727 A.
1293 2695 1304 2713 ³
1328 2695 1553 2737 periculosius,
1579 2704 1611 2728 B.
1721 2696 1733 2714 ¹
1757 2697 1801 2728 lie

466 2744 514 2776 sic
535 2749 620 2783 sunt,
638 2753 682 2784 A;
707 2745 783 2777 licet
807 2745 859 2784 sit,
878 2753 908 2776 Β.
1018 2746 1030 2764 ⁵
1054 2746 1270 2788 spiritualem,
1288 2756 1333 2786 A;
1357 2749 1536 2790 specialem
1561 2749 1598 2780 in
1622 2759 1728 2791 marg.
1752 2750 1797 2782 al.

468 2807 583 2836 manu,
602 2804 632 2828 B.
722 2798 733 2816 θ
755 2808 795 2829 ex
814 2798 942 2835 defectu
960 2799 997 2830 z'n
1020 2808 1124 2841 marg.
1140 2800 1184 2832 al.
1203 2810 1317 2839 manu,
1338 2808 1368 2831 B.
