2051 3299
201 211 283 254 230

197 326 265 357 tion,
279 326 336 352 and
355 335 396 352 re-

197 360 296 386 moval.

197 597 234 623 So
244 602 290 624 too
301 598 411 632 Augus-

196 631 277 658 tine's
289 633 357 658 rule.

194 807 219 832 A
233 807 364 839 maj0rity
377 807 434 833 ofa

194 841 310 873 chapter
328 850 393 873 may

193 873 326 906 imprison
343 883 360 899 a

194 907 307 933 brother
319 908 361 932 sor
374 906 460 940 right-

193 940 233 967 ful
252 940 456 967 disobedience.

192 1097 279 1124 What
293 1097 315 1124 is
328 1098 375 1124 the

190 1131 331 1163 necessity
340 1132 372 1157 of
378 1131 427 1157 im-

192 1164 365 1196 prisonment
379 1164 408 1191 in

192 1197 248 1224 this
262 1206 325 1225 case
339 1198 350 1224 Τ

193 1858 269 1885 Such
281 1867 299 1884 a
312 1857 427 1890 chapter

192 1892 285 1918 would
299 1892 414 1918 become
426 1900 441 1917 a

191 1934 291 1963 source
304 1926 334 1952 ο(
348 1933 460 1959 corrup·

192 1964 260 1985 tion.

193 2491 255 2516 The
270 2489 348 2522 King
361 2489 451 2515 there-

193 2524 251 2549 fore
265 2528 338 2548 must
352 2528 400 2548 not

193 2556 335 2582 authorize
346 2555 439 2589 impri-

193 2594 328 2616 sonment.

892 209 957 240 DE
989 210 1183 244 OFFICIO
1216 210 1371 244 REGIS.

476 313 633 351 cionem
665 321 702 351 et
735 314 1046 362 correccionem3
1083 314 1145 353 illa
1176 322 1304 353 autem
1338 327 1419 353 non
1444 315 1552 364 ponit
1582 315 1796 354 incarcera=

476 384 642 431 cionem,
664 385 732 423 sed
763 386 1026 423 hortacionern
1055 392 1092 423 et
1119 384 1392 423 comunicandi
1420 385 1736 431 subtraccionem,
1757 391 1799 423 ut

474 460 579 504 patet
620 455 757 493 Matth.
802 458 846 493 18
865 456 888 502 ¹,
927 456 1071 494 videtur
1109 456 1214 505 quod
1251 454 1324 493 hoc
1363 454 1498 493 sufficit
1531 454 1730 502 cristianis,
1764 462 1800 493 et
1814 459 1910 493 Matt.
1927 460 2017 494 xviii,

476 526 689 575 specialiter
728 527 990 564 sacerdotibus
1029 526 1214 575 religiosis
1258 525 1342 575 plus
1385 538 1407 563 a
1452 524 1623 563 civilibus
1668 526 1800 563 ritibus
1818 513 1866 545 ¹5·

474 596 675 645 elongatis.
717 596 833 634 Unde
863 597 1100 646 Augustinus
1131 597 1170 633 in
1201 596 1377 646 Regula:
1410 596 1461 634 Sz'
1471 598 1607 647 frater
1634 595 1800 633 emenda·
1813 600 2006 642 Augustine,

474 667 608 703 cionem
621 668 736 718 serre
759 668 990 713 recusaverit,
1013 668 1164 704 ecz'czmsz'
1185 668 1259 715 lpse
1284 679 1354 704 non
1379 667 1596 714 abscesserit,
1619 667 1660 703 de
1679 670 1801 703 vestra
1813 644 1995 726 geerffifssei,

473 737 634 774 societate
662 739 852 786 proicitur
884 751 927 774 ne
959 739 1169 786 contagione
1194 738 1376 788 pestg'fera
1401 738 1588 786 plurimos
1618 737 1764 786 inficiat
1774 733 1831 773 2ss
1853 736 1882 771 7·

475 808 573 844 Item
609 819 697 856 sepe
731 808 918 857 contingit
948 808 1134 845 maiorem
1170 813 1319 856 partem
1350 807 1504 857 capituli
1537 806 1799 845 incarcerare³

473 877 705 914 confratrem
724 884 882 927 propter
897 878 1228 916 inobedienciam4
1249 890 1326 927 qua
1342 878 1533 915 meritorie
1549 877 1801 915 contrariatur

473 948 759 986 monicionibus
789 960 924 986 eorum
955 949 1115 995 illicitis;
1147 948 1215 986 sed
1248 948 1288 986 in
1321 948 1386 985 tali
1421 960 1523 993 casu,
1556 948 1652 985 sicut
1685 959 1799 996 grave
1816 957 1856 982 10

473 1017 571 1056 foret
587 1024 791 1068 peccatum
808 1019 1056 1064 incarcerare,
1071 1019 1122 1056 sic
1141 1025 1177 1056 et
1192 1019 1540 1056 incarceracionem
1557 1019 1799 1056 auctorisare.

473 1088 563 1135 Que
584 1089 697 1138 igitur
722 1090 929 1126 necessitas
950 1089 1156 1127 auctoritas
1175 1089 1232 1126 vel
1258 1089 1405 1138 regno5
1425 1089 1566 1125 utilitas
1586 1089 1799 1126 incarcera-

472 1160 625 1197 cionem
654 1159 875 1197 huiusmodi
905 1160 1147 1208 approbare?
1203 1159 1459 1209 Assumptum
1479 1166 1536 1197 est
1564 1164 1699 1196 notum
1728 1158 1801 1195 illis

473 1230 538 1279 qui
572 1230 799 1267 moverunt⁶
829 1230 1157 1268 incarceraciones
1191 1230 1332 1267 multas
1362 1229 1570 1279 procedere
1599 1229 1690 1278 quia
1716 1228 1801 1278 quis

472 1313 552 1338 non
575 1301 638 1338 wlt
663 1301 827 1339 tacendo
852 1301 1014 1350 prodere
1035 1302 1245 1347 veritatem,
1267 1301 1357 1350 quia
1384 1313 1465 1338 non
1487 1300 1566 1338 volt
1595 1300 1800 1349 privilegiis
1816 1308 1854 1340 Ι5

472 1378 509 1409 et
539 1371 758 1420 irreligiosis
792 1383 951 1408 suorum
980 1371 1113 1408 ritibus
1143 1372 1368 1417 consentire,
1399 1371 1458 1409 vel
1488 1371 1578 1420 quia
1606 1371 1684 1408 volt
1712 1370 1800 1408 reli-

471 1442 615 1491 giosius
641 1441 867 1479 dil-'formiter
896 1454 918 1479 a
947 1441 1124 1479 fratribus
1151 1442 1380 1480 conversari.
1438 1441 1655 1479 Periculum
1687 1441 1801 1490 igitur

471 1512 569 1549 foret
594 1512 796 1549 licenciare
823 1511 1032 1561 capitulum
1061 1511 1110 1549 ad
1137 1512 1260 1549 taliter
1279 1512 1532 1561 puniendum.
1590 1511 1689 1548 Item
1710 1523 1799 1560 sepe

471 1582 656 1631 contingit
687 1582 793 1631 quod
825 1582 1093 1628 incarceratus,
1122 1583 1246 1620 eciam
1274 1594 1360 1620 reus
1388 1582 1566 1627 criminis,
1600 1594 1721 1631 usque
1751 1580 1800 1618 ad

470 1659 637 1690 mortem
674 1652 789 1689 nimis
827 1653 992 1701 graviter
1029 1653 1218 1701 puniatur.
1277 1652 1355 1690 Sed
1392 1652 1520 1690 omnis
1557 1652 1641 1689 talis
1680 1651 1802 1689 incar·
1818 1659 1858 1681 20

474 1723 623 1760 ceracio
649 1729 705 1760 est
731 1723 872 1760 iniusta
898 1729 934 1760 et
958 1723 1144 1772 penaliter
1169 1720 1187 1741 *
1210 1722 1344 1761 fratres
1368 1723 1520 1760 occisio.
1576 1722 1682 1771 Ergo
1709 1733 1800 1771 sepe
1814 1728 1973 1758 F01.168
1986 1735 2017 1758 a.

473 1791 683 1843 contingit⁷
702 1793 992 1840 incarcerantes,
1012 1794 1107 1831 sicut
1130 1800 1168 1831 et
1188 1794 1241 1831 eis
1262 1793 1567 1840 consencientes,
1588 1792 1801 1842 irregulari-

473 1870 590 1902 tatem
611 1864 814 1909 inenrrere,
837 1876 914 1913 qua
935 1863 1118 1901 infectum
1131 1863 1144 1884 Β
1164 1864 1372 1914 capitulum
1393 1864 1607 1901 necessario
1630 1863 1802 1901 inficeret

472 1935 661 1984 populum
682 1946 771 1972 curn
792 1946 871 1984 quo
892 1934 990 1971 vivit.
1048 1934 1279 1984 Perpetrans
1299 1934 1403 1971 enim
1422 1940 1501 1971 tam
1531 1933 1801 1971 detestandum

473 2004 735 2050 homicidium,
757 2004 854 2042 sicut
883 2011 920 2042 et
949 2004 1000 2041 illi
1029 2005 1293 2050 consenciens,
1324 2005 1494 2042 inficeret
1523 2004 1687 2044 multum
1716 2015 1800 2053 gre·
1817 2018 1855 2049 25

471 2087 572 2126 gem.
630 2074 771 2112 Peccat
789 2074 913 2123 -igitur
942 2080 1021 2111 tam
1046 2074 1172 2112 stricte
1197 2074 1389 2124 obligatus
1418 2074 1467 2111 ad
1496 2073 1611 2112 Cristi
1640 2073 1801 2112 consilia

472 2145 537 2196 qui
575 2144 650 2183 hoc
688 2151 767 2182 tam
806 2144 1067 2193 periculosum
1107 2144 1253 2194 eligens
1299 2144 1452 2182 dimittit
1499 2145 1676 2182 semitam
1714 2144 1801 2193 plus

474 2227 662 2261 securam,
685 2220 722 2252 et
743 2221 868 2263 potest
888 2214 1113 2252 confirmari
1134 2227 1181 2252 ex
1205 2214 1306 2252 dicto
1326 2214 1532 2264 Augustini
1552 2215 1680 2265 posito
1699 2214 1802 2252 xxiii.
1816 2217 1944 2248 Decret.
1962 2223 1994 2247 c.
2046 2228 2047 2267 3

475 2298 511 2335 q.
531 2285 593 2324 iiii.
628 2285 858 2334 Quz‘dsacz'et
874 2285 1012 2322 ecclesie
1031 2285 1220 2322 medicina.
1278 2284 1376 2334 Sepe
1396 2285 1499 2322 enim
1520 2284 1593 2323 alia
1613 2284 1805 2322 medicina
1816 2258 1988 2342 {flens}
2045 2270 2048 2287 ἶ

477 2355 576 2394 foret
597 2354 615 2374 *
637 2355 876 2404 corrigendis
897 2355 1086 2393 salubrior
1105 2360 1142 2393 et
1163 2355 1346 2404 scripture
1367 2355 1614 2402 conformior,
1635 2367 1725 2394 cum
1746 2355 1803 2391 in·
1815 2348 1862 2379 47
1879 2347 1914 2376 ‘²-

475 2432 714 2464 carcerantes
739 2425 941 2463 tenentur⁹
970 2426 1009 2462 in
1033 2438 1125 2463 casu
1151 2426 1397 2464 comunicare
1421 2437 1511 2464 cum
1531 2425 1802 2463 excomunica-

474 2497 620 2534 tissimo
649 2496 933 2546 quantumlibet
962 2497 1152 2534 indurato.
1211 2496 1304 2535 Non
1334 2503 1390 2534 est
1421 2497 1538 2546 igitur
1568 2508 1666 2545 opus
1701 2495 1803 2545 regis

474 2566 706 2604 auctorisare
727 2566 845 2603 talem
865 2566 1216 2603 incarceracionem
1236 2566 1312 2603 suis
1333 2566 1449 2615 legiis.

517 2634 527 2653 ¹
554 2635 673 2666 Matth.
692 2636 721 2674 8,
741 2643 775 2666 A.
873 2634 885 2652 ²
908 2639 994 2666 cont.
1021 2639 1101 2675 pest.
1128 2635 1211 2676 plur.
1230 2635 1286 2666 inf.
1305 2643 1339 2666 Α.
1427 2635 1439 2653 ³
1462 2634 1721 2666 incarceracione
1737 2639 1803 2676 pro

470 2688 681 2726 incarcerare,
699 2695 733 2718 A.
836 2685 848 2703 4
871 2686 1168 2725 inobaudienciam‚
1187 2694 1216 2717 Β.
1306 2686 1317 2704 ⁵
1340 2697 1422 2727 rogo
1438 2691 1502 2728 pro
1518 2697 1615 2727 regno
1633 2687 1671 2717 z‘n
1688 2691 1780 2718 textu
1795 2697 1803 2725 3

472 2748 572 2779 regno
600 2738 637 2768 in
672 2748 776 2778 marg.
803 2738 873 2768 alia
904 2748 1018 2776 manu,
1043 2745 1072 2768 B.
1259 2738 1271 2757 ὅ
1294 2738 1439 2769 noverint
1469 2742 1533 2778 pro
1563 2742 1742 2776 moverunt,
1770 2746 1801 2770 B.

474 2789 484 2806 ⁷
508 2789 657 2830 contigit,
676 2798 707 2821 A.
798 2788 809 2806 ⁸
833 2788 964 2828 infectu,
981 2792 1010 2819 et
1031 2789 1068 2819 in
1091 2798 1193 2829 marg.
1211 2796 1244 2819 A.
1334 2789 1347 2806 ⁹
1369 2793 1477 2821 tenent
1494 2793 1557 2829 pro
1582 2793 1738 2828 tenentur,
1756 2797 1785 2819 Β.
