2051 3299
679 226 744 257 DE
776 225 968 258 OFFICIO
1002 225 1155 257 REGIS.
1803 224 1854 266 23

258 329 445 367 honorem
477 335 513 367 et
544 329 698 379 signum
740 330 909 377 honoris,
946 342 1078 379 ymmo
1114 342 1185 367 nec
1232 329 1327 366 inter
1369 328 1579 366 secularem
1593 332 1850 398 {gigigsstiinsgffi'sarllz

255 405 292 437 et
324 400 554 448 spiritualem
586 400 775 438 honorem
808 401 1051 450 distinguere.
1123 400 1199 438 Sed
1233 406 1268 437 et
1300 399 1425 437 clerici
1460 399 1577 437 nostri
1590 406 1814 471 {pegreacrteffign

255 470 362 506 omni
388 469 525 506 honori
555 469 619 519 qui
646 469 758 507 debet
787 470 840 507 eis
867 482 951 507 esse
984 470 1158 519 proprius
1190 469 1357 507 alienum
1389 468 1575 507 honorem
1590 474 1839 539 ffiqgssritzoptrlgzter

255 539 552 587 preponderant,
580 545 616 576 et
642 539 796 577 racione
821 539 933 577 huius
959 540 1163 577 inordinati
1189 540 1348 577 affectus
1378 538 1535 576 honoris
1556 544 1619 574 ato
1638 540 1723 566 them·

221 620 239 652 5
255 609 435 657 religione
449 609 562 646 Cristi
583 609 829 658 degenerant.
860 610 921 647 Sic
942 610 1046 647 enim
1065 610 1264 647 elementis
1285 617 1320 647 et
1340 609 1578 646 elementatis

254 678 570 727 deappetentibus
598 679 693 716 fines
715 692 812 729 quos
837 686 972 717 natura
992 680 1045 717 eis
1065 680 1234 725 instituit,
1255 686 1291 717 et
1312 679 1501 716 contrarie
1521 679 1578 714 in-

253 749 461 786 nitentibus
493 749 542 786 ad
574 749 670 786 fines
707 750 914 787 contrarios
946 750 1143 788 habendos
1182 762 1280 799 quos
1318 756 1453 786 natura
1489 761 1579 798 pro-

252 818 384 865 hibuit,
416 820 697 868 perturbaretur
728 821 909 857 nimirum
941 821 1166 858 universitas
1206 820 1340 857 mundi
1381 820 1580 857 sensibilis.

251 889 301 926 Et
325 901 414 927 cum
444 890 634 938 appetitus
658 890 814 927 honoris
838 890 933 928 ferat
962 891 1115 939 spiritus
1140 891 1179 927 in
1211 902 1309 939 opus
1339 902 1451 927 suum
1477 896 1579 938 patet
1593 889 1823 922 Butjustasthe

1592 924 1711 949 sensible
1724 924 1811 949 world

199 970 238 993 10
252 959 356 1008 quod
376 959 599 997 universitas
621 960 819 1009 spirituum
839 961 1065 998 vertibilium
1085 961 1170 1010 plus
1192 960 1480 998 deordinaretur
1499 972 1578 996 uno
1592 957 1857 1015 ffffilgffoffussffigwn

1591 1032 1662 1048 were
1676 1023 1710 1048 its
1723 1011 1858 1048 elements

1591 1062 1620 1082 to
1634 1057 1743 1094 neglect
1758 1057 1812 1094 the·

251 1100 420 1148 appetitu
444 1099 635 1149 regulari2
664 1100 822 1138 honoris
846 1101 942 1139 foret
964 1102 1181 1139 necessaria
1205 1101 1253 1138 ad
1280 1101 1577 1139 stabilimentum
1591 1090 1744 1155 {ssssfflfftg'g
1756 1090 1829 1148 ἓζξζζ

249 1170 409 1207 ecclesie
447 1171 652 1208 militantis.
723 1170 852 1209 Primo
890 1172 1005 1220 igitur
1040 1184 1220 1221 suppono
1260 1172 1496 1209 sentenciam
1530 1171 1577 1208 de
1589 1156 1840 1219 ἷῖἓὲξὲδῗὴὲῗζςο

249 1240 429 1289 quiditate
456 1240 610 1279 honoris
641 1241 802 1278 dictam3
823 1242 926 1280 xxiii,
953 1243 1119 1291 capitulo
1147 1242 1230 1279 libri
1253 1242 1375 1291 primi.
1435 1242 1576 1279 Honor
1589 1223 1728 1288 {iirtitwuff
1727 1223 1823 1282 ὦξῗιᾱ.

196 1322 234 1354 15
249 1310 351 1347 enim
371 1323 451 1348 non
472 1318 527 1348 est
547 1311 618 1348 nisi
638 1318 742 1349 actus
756 1324 835 1361 quo
849 1312 991 1361 aliquid
1005 1313 1140 1350 dicitur
1153 1312 1359 1349 formaliter
1372 1312 1572 1350 honorare.
1588 1297 1850 1362 fflssvgclssossffirissffue

248 1380 342 1418 Ideo
373 1388 466 1430 quot
499 1382 623 1419 modis
647 1382 783 1419 dicitur
806 1382 996 1420 honorare
1021 1383 1080 1420 vel
1104 1382 1342 1420 honorancia
1368 1389 1424 1419 tot
1449 1383 1574 1420 modis
1587 1364 1821 1428 Ξῖεᾞῖἒιξιῖἇῑὲἓτ

246 1450 392 1487 honor4
418 1451 564 1497 dicitur,
588 1464 677 1489 cum
702 1452 747 1489 sit
770 1452 874 1489 idern
899 1459 935 1490 et
959 1459 1016 1490 est
1042 1453 1247 1490 subiective
1273 1453 1311 1488 in
1336 1430 1797 1521 honorantessssissffissssssh

1609 1505 1720 1522 OHOUI‘S.
1801 1504 1857 1521 ere·

247 1521 314 1558 sed
337 1522 574 1559 terminative
595 1523 633 1559 in
654 1522 858 1561 honorato.
916 1523 1111 1572 Quicquid
1138 1524 1251 1572 igitur
1271 1524 1360 1560 dicit
1385 1523 1573 1561 excellen·
1588 1529 1687 1588 ξῐῖἓῖὲις]
1699 1538 1732 1588 ἒξ
1743 1538 1831 1587 ἰτὲἰῠν

246 1591 345 1628 ciam
376 1598 509 1629 nature
539 1592 740 1630 racionalis
771 1599 899 1642 potest
930 1594 1015 1639 dici,
1044 1601 1085 1630 ut
1120 1594 1183 1639 sic,
1212 1594 1336 1642 ipsam
1370 1593 1570 1631 honorare.
1586 1597 1831 1661 ivgesseffigffirguss

193 1682 233 1704 20
248 1660 361 1699 Unde
383 1662 476 1699 deus
496 1662 701 1700 realissime
724 1663 886 1701 honorat
909 1676 1067 1701 omnem
1088 1670 1301 1701 creaturam
1327 1664 1571 1710 racionalem,
1586 1672 1793 1728 ἰῖθῐέῗςᾞθῃζῇξ
1806 1671 1848 1689 we

248 1732 316 1769 sed
341 1732 593 1770 diversimode
622 1733 835 1770 secundum
862 1734 943 1771 eius
971 1735 1274 1771 beneficenciam
1301 1734 1358 1771 vel
1382 1735 1571 1783 premium
1586 1730 1842 1788 Ξζξζξῗξῑῑνξῃὴᾶῐ-

1586 1805 1659 1826 ever,
1675 1796 1822 1827 therefore,

1585 1829 1743 1861 predicates
1758 1829 1806 1854 the

1586 1863 1743 1888 excellence
1757 1863 1788 1887 of
1802 1871 1820 1888 a

242 1873 494 1910 excellencius
516 1886 632 1923 quarn
653 1874 798 1922 ipsum6
818 1875 956 1923 poterit
976 1875 1119 1923 aliquid
1140 1875 1241 1912 aliud
1262 1875 1465 1922 honorare,
1482 1876 1571 1924 quia
1584 1896 1813 1921 rationalnamre

243 1942 331 1980 dicit
355 1944 574 1981 naturaliter
589 1956 672 1981 esse
693 1944 807 1981 deum
828 1952 1039 1983 creatorem
1060 1957 1183 1991 suum,
1205 1951 1241 1982 et
1261 1945 1354 1982 alias
1375 1945 1571 1983 inmensas
1584 1929 1843 2000 Ξῗὲᾉῦἓερέἓῖζω.

26 2024 101 2055 ed.
190 2031 229 2064 25
242 2013 490 2051 excellencias
524 2014 746 2063 implicatas.
803 2014 920 2052 Unde
952 2022 1098 2064 quanto
1133 2021 1307 2053 creatura
1340 2016 1452 2053 servit
1484 1996 1833 2067 de0‚¹(r;¹gd¹tiea1T13}2¹¹l1³<3n-

242 2090 377 2121 tenens
402 2084 682 2133 inculpabiliter
705 2085 868 2133 gradum
892 2085 949 2122 sui
973 2086 1118 2123 ordinis
1144 2098 1259 2134 quern
1286 2086 1412 2135 prima
1436 2094 1571 2123 natura
1584 2068 1852 2154 2i2}{}filrye{³sslf}¹¹

1584 2138 1611 2154 ln
1652 2138 1659 2154 l
1684 2138 1747 2154 esen
1776 2137 1852 2161 ways

242 2154 410 2200 instituit,
431 2154 477 2192 de
498 2160 605 2192 tanto
625 2155 751 2192 debite
774 2155 885 2192 servit
901 2161 937 2192 et
958 2155 1124 2193 honorat
1141 2156 1256 2193 deum
1278 2168 1391 2194 suum
1411 2163 1459 2201 et,
1480 2168 1570 2193 cum
1583 2162 1743 2221 fficgffiirxliegfi
1746 2168 1830 2221 321]oe

241 2224 328 2271 hoc,
356 2225 403 2262 de
427 2231 534 2262 tanto
564 2231 735 2262 creatura
761 2237 928 2274 peccans
959 2226 1074 2263 deum
1106 2226 1311 2264 inhonorat
1345 2227 1392 2264 de
1424 2233 1570 2276 quanto
1584 2229 1798 2288 SJhssffffg‘ssJg

24 2313 66 2344 B.
241 2294 440 2344 peccando
467 2307 489 2331 a
512 2295 595 2343 lege
621 2295 682 2332 dei
705 2295 932 2332 exhorbitat.
1004 2295 1117 2333 Unde
1143 2296 1290 2334 omnis⁷
1313 2303 1497 2345 peccator
1524 2296 1570 2333 de
1583 2296 1809 2355 {Jgffbeffivoffy

188 2373 229 2405 30
241 2371 386 2414 quanto
416 2365 643 2403 comutabile
668 2366 816 2402 bonum
844 2366 917 2403 deo
945 2366 1203 2415 preponderat
1235 2366 1281 2403 de
1314 2372 1423 2404 tanto
1455 2367 1569 2404 deum
1583 2362 1851 2428 ξὲξζίξζῗξῑέξζξξῡᾱ

241 2435 455 2473 dehonorat
484 2435 802 2485 quoddammodo
828 2436 985 2473 infinite.
1043 2436 1092 2472 Et
1116 2436 1168 2474 sic
1193 2436 1360 2485 loquitur
1385 2437 1570 2486 scriptura
1583 2430 1834 2494 {xicseggssstilg'lghffi

1583 2496 1603 2521 it
1618 2502 1645 2522 to
1657 2497 1765 2521 honour

1580 2529 1719 2561 anything
1731 2530 1797 2561 else,

25 2582 38 2604 1
59 2573 145 2606 Sam.
163 2573 210 2607 iii·
240 2575 433 2612 honorasti
436 2576 542 2625 filios
559 2580 638 2613 tuos
657 2589 766 2624 quam
788 2589 850 2612 me.
909 2575 1050 2612 Simul⁸
1071 2576 1174 2612 enirn
1201 2583 1379 2624 peccator
1404 2577 1569 2615 honorat
1582 2564 1822 2629 ζιέιῖῗῑέῑῑιιῗῑῖἔῑῗ

26 2626 76 2658 ²9·

251 1041 406 1078 quoque
445 1036 648 1078 appetente
683 1031 800 1068 finem
833 1032 902 1068 sibi
940 1031 1163 1068 indebitum.
1223 1029 1359 1068 Scola¹
1387 1031 1501 1079 igitur
1531 1030 1577 1067 de

245 1802 349 1851 quod
369 1802 535 1851 largitur.
566 1803 695 1841 Omne
715 1804 838 1841 eciam
859 1816 957 1853 opus
979 1804 1037 1842 dei
1058 1805 1225 1841 honorat
1245 1804 1361 1841 deum
1381 1805 1571 1842 infinitum

246 2517 262 2542 1
301 2505 398 2555 Reg.
433 2506 487 2542 ii0.
546 2506 689 2543 Dicens
728 2506 766 2542 in
805 2518 970 2554 persona
1009 2506 1069 2543 dei
1103 2506 1176 2542 heli
1209 2506 1410 2552 sacerdoti,
1447 2510 1569 2556 magis

283 2693 293 2712 ¹
316 2694 451 2733 scolam,
481 2703 514 2726 A.
603 2693 614 2711 ²
637 2694 777 2735 regulari
801 2695 959 2735 appetitu,
988 2702 1017 2725 B.
1119 2694 1130 2711 ³
1155 2695 1253 2730 dicta,
1281 2704 1313 2727 Α.
1415 2695 1426 2713 ⁴
1450 2696 1569 2727 dicitur

239 2746 355 2784 honor,
373 2753 403 2777 B.
516 2746 528 2763 ⁵
554 2746 585 2776 in
617 2745 843 2785 honorantem,
873 2754 902 2777 Β.
993 2745 1004 2761 ⁶
1026 2746 1150 2787 aliquid
1178 2748 1297 2787 poterit
1323 2747 1447 2788 aliquid
1477 2747 1567 2779 aliud

239 2796 407 2835 honorare,
428 2805 457 2828 B.
547 2796 558 2813 ⁷
582 2798 725 2833 omnino,
743 2806 777 2829 Α.
868 2797 878 2813 s
901 2797 979 2828 Saul
998 2803 1061 2838 pro
1078 2797 1193 2837 Simul,
1213 2806 1246 2829 Α.
