<?xml version="1.0" encoding="UTF-8"?>
<!DOCTYPE html PUBLIC "-//W3C//DTD XHTML 1.0 Transitional//EN"
    "http://www.w3.org/TR/xhtml1/DTD/xhtml1-transitional.dtd">
<html xmlns="http://www.w3.org/1999/xhtml" xml:lang="en" lang="en">
 <head>
  <title>
</title>
<meta http-equiv="Content-Type" content="text/html;charset=utf-8" />
  <meta name='ocr-system' content='tesseract 3.04.00' />
  <meta name='ocr-capabilities' content='ocr_page ocr_carea ocr_par ocr_line ocrx_word'/>
</head>
<body>
  <div class='ocr_page' id='page_1' title='image "./tractatusdeoffic00wycl_0296.png"; bbox 0 0 2051 3299; ppageno 0'>
   <div class='ocr_carea' id='block_1_1' title="bbox 161 179 1338 220">
    <p class='ocr_par' dir='ltr' id='par_1_1' title="bbox 161 179 1338 220">
     <span class='ocr_line' id='line_1_1' title="bbox 161 179 1338 220; baseline -0.005 -1"><span class='ocrx_word' id='word_1_1' title='bbox 161 179 244 220; x_wconf 83' lang='lat'>260</span> <span class='ocrx_word' id='word_1_2' title='bbox 860 185 924 216; x_wconf 83' lang='lat' dir='ltr'>DE</span> <span class='ocrx_word' id='word_1_3' title='bbox 958 184 1153 216; x_wconf 68' lang='lat' dir='ltr'>orrrcro</span> <span class='ocrx_word' id='word_1_4' title='bbox 1187 183 1338 214; x_wconf 79' lang='lat' dir='ltr'>REGIs</span> 
     </span>
    </p>
   </div>
   <div class='ocr_carea' id='block_1_2' title="bbox 155 285 1763 364">
    <p class='ocr_par' dir='ltr' id='par_1_2' title="bbox 155 285 1763 364">
     <span class='ocr_line' id='line_1_2' title="bbox 155 285 1763 364; baseline -0.004 -36"><span class='ocrx_word' id='word_1_5' title='bbox 155 297 253 363; x_wconf 52' lang='grc' dir='ltr'>ξὲἒέῑίὲν</span> <span class='ocrx_word' id='word_1_6' title='bbox 266 298 424 364; x_wconf 47' lang='lat' dir='ltr'>{lymgptiffitae</span> <span class='ocrx_word' id='word_1_7' title='bbox 438 290 563 328; x_wconf 90' lang='lat' dir='ltr'>lorum</span> <span class='ocrx_word' id='word_1_8' title='bbox 597 290 642 327; x_wconf 90' lang='lat' dir='ltr'>de</span> <span class='ocrx_word' id='word_1_9' title='bbox 675 290 941 339; x_wconf 83' lang='lat' dir='ltr'>corporalibus</span> <span class='ocrx_word' id='word_1_10' title='bbox 981 289 1200 326; x_wconf 88' lang='lat' dir='ltr'>elemosinis</span> <span class='ocrx_word' id='word_1_11' title='bbox 1232 287 1471 333; x_wconf 80' lang='lat' dir='ltr'>secularium,</span> <span class='ocrx_word' id='word_1_12' title='bbox 1506 298 1603 336; x_wconf 90' lang='lat' dir='ltr'>quos</span> <span class='ocrx_word' id='word_1_13' title='bbox 1637 285 1708 335; x_wconf 91' lang='lat' dir='ltr'>ipsi</span> <span class='ocrx_word' id='word_1_14' title='bbox 1743 298 1763 323; x_wconf 93' lang='lat' dir='ltr'>e</span> 
     </span>
    </p>
   </div>
   <div class='ocr_carea' id='block_1_3' title="bbox 154 356 1799 898">
    <p class='ocr_par' dir='ltr' id='par_1_3' title="bbox 154 356 1799 835">
     <span class='ocr_line' id='line_1_3' title="bbox 154 356 1766 410; baseline -0.004 -10"><span class='ocrx_word' id='word_1_15' title='bbox 154 365 301 391; x_wconf 74' lang='lat' dir='ltr'>marones.</span> <span class='ocrx_word' id='word_1_16' title='bbox 436 368 571 400; x_wconf 89' lang='lat' dir='ltr'>contra</span> <span class='ocrx_word' id='word_1_17' title='bbox 605 361 864 410; x_wconf 81' lang='lat' dir='ltr'>spiritualibus</span> <span class='ocrx_word' id='word_1_18' title='bbox 898 360 1117 398; x_wconf 90' lang='lat' dir='ltr'>elemosinis</span> <span class='ocrx_word' id='word_1_19' title='bbox 1144 364 1349 409; x_wconf 89' lang='lat' dir='ltr'>procurent</span> <span class='ocrx_word' id='word_1_20' title='bbox 1362 358 1385 396; x_wconf 89' lang='lat'>¹.</span> <span class='ocrx_word' id='word_1_21' title='bbox 1436 357 1536 395; x_wconf 92' lang='lat' dir='ltr'>Cum</span> <span class='ocrx_word' id='word_1_22' title='bbox 1557 369 1647 406; x_wconf 83' lang='lat' dir='ltr'>ergo</span> <span class='ocrx_word' id='word_1_23' title='bbox 1669 356 1766 394; x_wconf 92' lang='lat' dir='ltr'>ordo</span> 
     </span>
     <span class='ocr_line' id='line_1_4' title="bbox 436 427 1766 480; baseline -0.005 -11"><span class='ocrx_word' id='word_1_24' title='bbox 436 432 583 469; x_wconf 89' lang='lat' dir='ltr'>domini</span> <span class='ocrx_word' id='word_1_25' title='bbox 618 431 804 469; x_wconf 82' lang='lat' dir='ltr'>diabolice</span> <span class='ocrx_word' id='word_1_26' title='bbox 835 442 1036 480; x_wconf 86' lang='lat' dir='ltr'>perversus</span> <span class='ocrx_word' id='word_1_27' title='bbox 1070 430 1189 475; x_wconf 87' lang='lat' dir='ltr'>fuerit,</span> <span class='ocrx_word' id='word_1_28' title='bbox 1222 442 1303 466; x_wconf 90' lang='lat' dir='ltr'>non</span> <span class='ocrx_word' id='word_1_29' title='bbox 1337 428 1476 465; x_wconf 89' lang='lat' dir='ltr'>mirum</span> <span class='ocrx_word' id='word_1_30' title='bbox 1505 427 1536 464; x_wconf 86' lang='lat' dir='ltr'>si</span> <span class='ocrx_word' id='word_1_31' title='bbox 1566 427 1766 472; x_wconf 87' lang='lat' dir='ltr'>seculares,</span> 
     </span>
     <span class='ocr_line' id='line_1_5' title="bbox 436 497 1766 550; baseline -0.005 -11"><span class='ocrx_word' id='word_1_32' title='bbox 436 511 514 540; x_wconf 89' lang='lat' dir='ltr'>tam</span> <span class='ocrx_word' id='word_1_33' title='bbox 543 502 802 550; x_wconf 89' lang='lat' dir='ltr'>multipliciter</span> <span class='ocrx_word' id='word_1_34' title='bbox 835 501 994 546; x_wconf 83' lang='lat' dir='ltr'>seducti,</span> <span class='ocrx_word' id='word_1_35' title='bbox 1026 501 1241 538; x_wconf 87' lang='lat' dir='ltr'>inordinate</span> <span class='ocrx_word' id='word_1_36' title='bbox 1271 498 1613 548; x_wconf 87' lang='lat' dir='ltr'>circumpalpitant,</span> <span class='ocrx_word' id='word_1_37' title='bbox 1644 503 1681 534; x_wconf 87' lang='lat' dir='ltr'>et</span> <span class='ocrx_word' id='word_1_38' title='bbox 1710 497 1766 533; x_wconf 91' lang='lat' dir='ltr'>in-</span> 
     </span>
     <span class='ocr_line' id='line_1_6' title="bbox 437 569 1799 622; baseline -0.006 -11"><span class='ocrx_word' id='word_1_39' title='bbox 437 575 595 611; x_wconf 80' lang='lat' dir='ltr'>ducatur</span> <span class='ocrx_word' id='word_1_40' title='bbox 615 574 654 609; x_wconf 92' lang='lat' dir='ltr'>in</span> <span class='ocrx_word' id='word_1_41' title='bbox 673 580 755 611; x_wconf 91' lang='lat' dir='ltr'>toto</span> <span class='ocrx_word' id='word_1_42' title='bbox 776 585 937 622; x_wconf 89' lang='lat' dir='ltr'>corpore</span> <span class='ocrx_word' id='word_1_43' title='bbox 959 572 1122 609; x_wconf 79' lang='lat' dir='ltr'>ecclesie</span> <span class='ocrx_word' id='word_1_44' title='bbox 1140 571 1331 609; x_wconf 90' lang='lat' dir='ltr'>discrasia.</span> <span class='ocrx_word' id='word_1_45' title='bbox 1381 569 1458 607; x_wconf 90' lang='lat' dir='ltr'>Ubi</span> <span class='ocrx_word' id='word_1_46' title='bbox 1479 569 1583 606; x_wconf 90' lang='lat' dir='ltr'>enim</span> <span class='ocrx_word' id='word_1_47' title='bbox 1604 579 1765 616; x_wconf 88' lang='lat' dir='ltr'>regnum</span> <span class='ocrx_word' id='word_1_48' title='bbox 1782 587 1799 619; x_wconf 86' lang='lat'>5</span> 
     </span>
     <span class='ocr_line' id='line_1_7' title="bbox 436 638 1768 691; baseline -0.005 -9"><span class='ocrx_word' id='word_1_49' title='bbox 436 644 525 682; x_wconf 87' lang='lat' dir='ltr'>cleri</span> <span class='ocrx_word' id='word_1_50' title='bbox 561 657 642 682; x_wconf 93' lang='lat' dir='ltr'>non</span> <span class='ocrx_word' id='word_1_51' title='bbox 676 644 772 681; x_wconf 84' lang='lat' dir='ltr'>foret</span> <span class='ocrx_word' id='word_1_52' title='bbox 812 644 860 681; x_wconf 91' lang='lat' dir='ltr'>de</span> <span class='ocrx_word' id='word_1_53' title='bbox 900 643 974 681; x_wconf 88' lang='lat' dir='ltr'>hoc</span> <span class='ocrx_word' id='word_1_54' title='bbox 1010 643 1158 680; x_wconf 92' lang='lat' dir='ltr'>mundo</span> <span class='ocrx_word' id='word_1_55' title='bbox 1196 642 1414 691; x_wconf 89' lang='lat' dir='ltr'>cuicunque</span> <span class='ocrx_word' id='word_1_56' title='bbox 1453 640 1554 678; x_wconf 90' lang='lat' dir='ltr'>civili</span> <span class='ocrx_word' id='word_1_57' title='bbox 1592 638 1768 677; x_wconf 90' lang='lat' dir='ltr'>dominio</span> 
     </span>
     <span class='ocr_line' id='line_1_8' title="bbox 437 709 1770 760; baseline -0.004 -8"><span class='ocrx_word' id='word_1_58' title='bbox 437 723 741 753; x_wconf 89' lang='lat' dir='ltr'>consentaneum</span> <span class='ocrx_word' id='word_1_59' title='bbox 780 715 898 751; x_wconf 84' lang='lat' dir='ltr'>instar</span> <span class='ocrx_word' id='word_1_60' title='bbox 937 714 1059 760; x_wconf 82' lang='lat' dir='ltr'>Cristi‚</span> <span class='ocrx_word' id='word_1_61' title='bbox 1091 720 1147 750; x_wconf 92' lang='lat' dir='ltr'>est</span> <span class='ocrx_word' id='word_1_62' title='bbox 1183 726 1203 750; x_wconf 88' lang='lat' dir='ltr'>e</span> <span class='ocrx_word' id='word_1_63' title='bbox 1242 719 1376 750; x_wconf 91' lang='lat' dir='ltr'>contra</span> <span class='ocrx_word' id='word_1_64' title='bbox 1415 711 1462 749; x_wconf 91' lang='lat' dir='ltr'>de</span> <span class='ocrx_word' id='word_1_65' title='bbox 1500 711 1574 748; x_wconf 91' lang='lat' dir='ltr'>hoc</span> <span class='ocrx_word' id='word_1_66' title='bbox 1622 709 1770 747; x_wconf 90' lang='lat' dir='ltr'>mundo</span> 
     </span>
     <span class='ocr_line' id='line_1_9' title="bbox 437 780 1770 835; baseline -0.005 -12"><span class='ocrx_word' id='word_1_67' title='bbox 437 785 916 835; x_wconf 88' lang='lat' dir='ltr'>profundissime,dirrecte</span> <span class='ocrx_word' id='word_1_68' title='bbox 925 785 1160 822; x_wconf 88' lang='lat' dir='ltr'>contrarium</span> <span class='ocrx_word' id='word_1_69' title='bbox 1178 783 1359 821; x_wconf 91' lang='lat' dir='ltr'>dominiis</span> <span class='ocrx_word' id='word_1_70' title='bbox 1376 782 1603 820; x_wconf 80' lang='lat' dir='ltr'>secularium</span> <span class='ocrx_word' id='word_1_71' title='bbox 1618 780 1770 818; x_wconf 86' lang='lat' dir='ltr'>domin-</span> 
     </span>
    </p>

    <p class='ocr_par' dir='ltr' id='par_1_4' title="bbox 156 851 1771 898">
     <span class='ocr_line' id='line_1_10' title="bbox 156 851 1771 898; baseline -0.003 -6"><span class='ocrx_word' id='word_1_72' title='bbox 156 866 218 892; x_wconf 72' lang='lat' dir='ltr'>The</span> <span class='ocrx_word' id='word_1_73' title='bbox 232 866 327 898; x_wconf 79' lang='lat' dir='ltr'>clergy</span> <span class='ocrx_word' id='word_1_74' title='bbox 339 875 399 898; x_wconf 75' lang='lat' dir='ltr'>per·</span> <span class='ocrx_word' id='word_1_75' title='bbox 440 868 563 894; x_wconf 90' lang='lat' dir='ltr'>orum.</span> <span class='ocrx_word' id='word_1_76' title='bbox 621 856 699 893; x_wconf 92' lang='lat' dir='ltr'>Ubi</span> <span class='ocrx_word' id='word_1_77' title='bbox 720 856 843 894; x_wconf 88' lang='lat' dir='ltr'>eciam</span> <span class='ocrx_word' id='word_1_78' title='bbox 864 855 960 893; x_wconf 90' lang='lat' dir='ltr'>foret</span> <span class='ocrx_word' id='word_1_79' title='bbox 973 854 987 874; x_wconf 79' lang='lat'><strong>²</strong></span> <span class='ocrx_word' id='word_1_80' title='bbox 1007 855 1096 892; x_wconf 91' lang='lat' dir='ltr'>cleri</span> <span class='ocrx_word' id='word_1_81' title='bbox 1118 855 1241 892; x_wconf 86' lang='lat' dir='ltr'>maior</span> <span class='ocrx_word' id='word_1_82' title='bbox 1261 853 1489 891; x_wconf 83' lang='lat' dir='ltr'>obediencia</span> <span class='ocrx_word' id='word_1_83' title='bbox 1509 852 1558 890; x_wconf 89' lang='lat' dir='ltr'>ad</span> <span class='ocrx_word' id='word_1_84' title='bbox 1578 851 1771 889; x_wconf 90' lang='lat' dir='ltr'>seculares</span> 
     </span>
    </p>
   </div>
   <div class='ocr_carea' id='block_1_4' title="bbox 154 900 384 925">
    <p class='ocr_par' dir='ltr' id='par_1_5' title="bbox 154 900 384 925">
     <span class='ocr_line' id='line_1_11' title="bbox 154 900 384 925; baseline 0 0"><span class='ocrx_word' id='word_1_85' title='bbox 154 906 213 925; x_wconf 81' lang='lat' dir='ltr'>vert</span> <span class='ocrx_word' id='word_1_86' title='bbox 229 900 284 925; x_wconf 78' lang='lat' dir='ltr'>this</span> <span class='ocrx_word' id='word_1_87' title='bbox 303 901 384 925; x_wconf 85' lang='lat' dir='ltr'>order</span> 
     </span>
    </p>
   </div>
   <div class='ocr_carea' id='block_1_5' title="bbox 157 923 1826 999">
    <p class='ocr_par' dir='ltr' id='par_1_6' title="bbox 157 923 1826 999">
     <span class='ocr_line' id='line_1_12' title="bbox 157 923 1826 999; baseline -0.004 -34"><span class='ocrx_word' id='word_1_88' title='bbox 157 932 427 999; x_wconf 50' lang='lat' dir='ltr'>giaifflffiolffissiifssf</span> <span class='ocrx_word' id='word_1_89' title='bbox 440 928 619 966; x_wconf 91' lang='lat' dir='ltr'>dominos</span> <span class='ocrx_word' id='word_1_90' title='bbox 657 939 774 977; x_wconf 86' lang='lat' dir='ltr'>quam</span> <span class='ocrx_word' id='word_1_91' title='bbox 808 939 828 964; x_wconf 92' lang='lat' dir='ltr'>e</span> <span class='ocrx_word' id='word_1_92' title='bbox 868 933 1001 964; x_wconf 86' lang='lat' dir='ltr'>contra</span> <span class='ocrx_word' id='word_1_93' title='bbox 1041 932 1317 976; x_wconf 88' lang='lat' dir='ltr'>pervertuntur,</span> <span class='ocrx_word' id='word_1_94' title='bbox 1353 931 1562 965; x_wconf 83' lang='lat' dir='ltr'>statuentes</span> <span class='ocrx_word' id='word_1_95' title='bbox 1600 923 1771 974; x_wconf 89' lang='lat' dir='ltr'>porisma</span> <span class='ocrx_word' id='word_1_96' title='bbox 1786 938 1826 960; x_wconf 92' lang='lat'>10</span> 
     </span>
    </p>
   </div>
   <div class='ocr_carea' id='block_1_6' title="bbox 436 994 1831 1402">
    <p class='ocr_par' dir='ltr' id='par_1_7' title="bbox 436 994 1831 1402">
     <span class='ocr_line' id='line_1_13' title="bbox 437 994 1771 1048; baseline -0.004 -12"><span class='ocrx_word' id='word_1_97' title='bbox 437 998 580 1036; x_wconf 86' lang='lat' dir='ltr'>luciferi</span> <span class='ocrx_word' id='word_1_98' title='bbox 602 998 708 1048; x_wconf 90' lang='lat' dir='ltr'>quod</span> <span class='ocrx_word' id='word_1_99' title='bbox 729 1010 777 1035; x_wconf 85' lang='lat' dir='ltr'>ex</span> <span class='ocrx_word' id='word_1_100' title='bbox 798 997 1064 1047; x_wconf 83' lang='lat' dir='ltr'>magnitudine</span> <span class='ocrx_word' id='word_1_101' title='bbox 1095 1009 1161 1034; x_wconf 91' lang='lat' dir='ltr'>sue</span> <span class='ocrx_word' id='word_1_102' title='bbox 1191 997 1426 1034; x_wconf 86' lang='lat' dir='ltr'>auctoritatis</span> <span class='ocrx_word' id='word_1_103' title='bbox 1456 1001 1571 1045; x_wconf 92' lang='lat' dir='ltr'>atque</span> <span class='ocrx_word' id='word_1_104' title='bbox 1592 994 1771 1044; x_wconf 89' lang='lat' dir='ltr'>potencie</span> 
     </span>
     <span class='ocr_line' id='line_1_14' title="bbox 436 1066 1772 1114; baseline -0.004 -8"><span class='ocrx_word' id='word_1_105' title='bbox 436 1070 528 1107; x_wconf 92' lang='lat' dir='ltr'>nulli</span> <span class='ocrx_word' id='word_1_106' title='bbox 560 1069 716 1106; x_wconf 91' lang='lat' dir='ltr'>obedire</span> <span class='ocrx_word' id='word_1_107' title='bbox 752 1069 930 1114; x_wconf 90' lang='lat' dir='ltr'>debeant,</span> <span class='ocrx_word' id='word_1_108' title='bbox 962 1075 1003 1105; x_wconf 93' lang='lat' dir='ltr'>ut</span> <span class='ocrx_word' id='word_1_109' title='bbox 1032 1068 1189 1106; x_wconf 90' lang='lat' dir='ltr'>domini.</span> <span class='ocrx_word' id='word_1_110' title='bbox 1247 1067 1326 1104; x_wconf 92' lang='lat' dir='ltr'>Ubi</span> <span class='ocrx_word' id='word_1_111' title='bbox 1358 1067 1481 1104; x_wconf 91' lang='lat' dir='ltr'>eciam</span> <span class='ocrx_word' id='word_1_112' title='bbox 1513 1066 1772 1103; x_wconf 87' lang='lat' dir='ltr'>ministrarent</span> 
     </span>
     <span class='ocr_line' id='line_1_15' title="bbox 438 1136 1772 1189; baseline -0.003 -12"><span class='ocrx_word' id='word_1_113' title='bbox 438 1140 629 1177; x_wconf 84' lang='lat' dir='ltr'>humiliter</span> <span class='ocrx_word' id='word_1_114' title='bbox 667 1140 774 1177; x_wconf 88' lang='lat' dir='ltr'>omni</span> <span class='ocrx_word' id='word_1_115' title='bbox 813 1152 953 1189; x_wconf 86' lang='lat' dir='ltr'>genere</span> <span class='ocrx_word' id='word_1_116' title='bbox 992 1138 1146 1185; x_wconf 88' lang='lat' dir='ltr'>servicii,</span> <span class='ocrx_word' id='word_1_117' title='bbox 1180 1144 1218 1175; x_wconf 91' lang='lat' dir='ltr'>et</span> <span class='ocrx_word' id='word_1_118' title='bbox 1253 1138 1463 1188; x_wconf 87' lang='lat' dir='ltr'>specialiter</span> <span class='ocrx_word' id='word_1_119' title='bbox 1496 1137 1535 1174; x_wconf 84' lang='lat' dir='ltr'>in</span> <span class='ocrx_word' id='word_1_120' title='bbox 1574 1136 1772 1174; x_wconf 91' lang='lat' dir='ltr'>fructuoso</span> 
     </span>
     <span class='ocr_line' id='line_1_16' title="bbox 440 1207 1773 1259; baseline -0.004 -10"><span class='ocrx_word' id='word_1_121' title='bbox 440 1211 585 1249; x_wconf 90' lang='lat' dir='ltr'>semine</span> <span class='ocrx_word' id='word_1_122' title='bbox 624 1211 729 1248; x_wconf 89' lang='lat' dir='ltr'>verbi</span> <span class='ocrx_word' id='word_1_123' title='bbox 769 1211 841 1257; x_wconf 91' lang='lat' dir='ltr'>dei,</span> <span class='ocrx_word' id='word_1_124' title='bbox 883 1210 1014 1248; x_wconf 90' lang='lat' dir='ltr'>dicunt</span> <span class='ocrx_word' id='word_1_125' title='bbox 1053 1210 1246 1259; x_wconf 81' lang='lat' dir='ltr'>implicite,</span> <span class='ocrx_word' id='word_1_126' title='bbox 1288 1209 1394 1258; x_wconf 88' lang='lat' dir='ltr'>quod</span> <span class='ocrx_word' id='word_1_127' title='bbox 1441 1207 1613 1257; x_wconf 86' lang='lat' dir='ltr'>dignitati</span> <span class='ocrx_word' id='word_1_128' title='bbox 1652 1213 1773 1245; x_wconf 85' lang='lat' dir='ltr'>status</span> 
     </span>
     <span class='ocr_line' id='line_1_17' title="bbox 439 1278 1826 1331; baseline -0.003 -12"><span class='ocrx_word' id='word_1_129' title='bbox 439 1294 573 1320; x_wconf 88' lang='lat' dir='ltr'>eorum</span> <span class='ocrx_word' id='word_1_130' title='bbox 613 1288 649 1319; x_wconf 91' lang='lat' dir='ltr'>et</span> <span class='ocrx_word' id='word_1_131' title='bbox 687 1282 812 1331; x_wconf 88' lang='lat' dir='ltr'>gestui</span> <span class='ocrx_word' id='word_1_132' title='bbox 852 1281 1163 1319; x_wconf 85' lang='lat' dir='ltr'>conversacionis</span> <span class='ocrx_word' id='word_1_133' title='bbox 1211 1279 1416 1329; x_wconf 89' lang='lat' dir='ltr'>magnifice</span> <span class='ocrx_word' id='word_1_134' title='bbox 1455 1278 1668 1328; x_wconf 83' lang='lat' dir='ltr'>repugnat3</span> <span class='ocrx_word' id='word_1_135' title='bbox 1706 1290 1772 1316; x_wconf 91' lang='lat' dir='ltr'>eos</span> <span class='ocrx_word' id='word_1_136' title='bbox 1789 1288 1826 1320; x_wconf 89' lang='lat'>15</span> 
     </span>
     <span class='ocr_line' id='line_1_18' title="bbox 440 1351 1831 1402; baseline -0.001 -11"><span class='ocrx_word' id='word_1_137' title='bbox 440 1361 652 1402; x_wconf 84' lang='lat' dir='ltr'>occupatos</span> <span class='ocrx_word' id='word_1_138' title='bbox 682 1354 784 1391; x_wconf 90' lang='lat' dir='ltr'>circa</span> <span class='ocrx_word' id='word_1_139' title='bbox 814 1353 904 1390; x_wconf 91' lang='lat' dir='ltr'>talia</span> <span class='ocrx_word' id='word_1_140' title='bbox 932 1352 1054 1389; x_wconf 89' lang='lat' dir='ltr'>taliter</span> <span class='ocrx_word' id='word_1_141' title='bbox 1083 1352 1309 1389; x_wconf 83' lang='lat' dir='ltr'>ministrare.</span> <span class='ocrx_word' id='word_1_142' title='bbox 1367 1351 1532 1400; x_wconf 84' lang='lat' dir='ltr'>Oportet</span> <span class='ocrx_word' id='word_1_143' title='bbox 1560 1362 1655 1398; x_wconf 84' lang='lat' dir='ltr'>ergo</span> <span class='ocrx_word' id='word_1_144' title='bbox 1694 1356 1773 1387; x_wconf 90' lang='lat' dir='ltr'>tam</span> <span class='ocrx_word' id='word_1_145' title='bbox 1786 1359 1831 1389; x_wconf 89' lang='lat' dir='ltr'>V.</span> 
     </span>
    </p>
   </div>
   <div class='ocr_carea' id='block_1_7' title="bbox 157 1422 1774 1506">
    <p class='ocr_par' dir='ltr' id='par_1_8' title="bbox 157 1422 1774 1506">
     <span class='ocr_line' id='line_1_19' title="bbox 157 1422 1774 1498; baseline -0.006 -32"><span class='ocrx_word' id='word_1_146' title='bbox 157 1437 430 1498; x_wconf 38' lang='lat' dir='ltr'>Theologiagnswisth</span> <span class='ocrx_word' id='word_1_147' title='bbox 444 1425 634 1463; x_wconf 87' lang='lat' dir='ltr'>contraria</span> <span class='ocrx_word' id='word_1_148' title='bbox 654 1425 692 1461; x_wconf 91' lang='lat' dir='ltr'>in</span> <span class='ocrx_word' id='word_1_149' title='bbox 715 1425 921 1462; x_wconf 90' lang='lat' dir='ltr'>visceribus</span> <span class='ocrx_word' id='word_1_150' title='bbox 950 1430 1028 1460; x_wconf 93' lang='lat' dir='ltr'>tam</span> <span class='ocrx_word' id='word_1_151' title='bbox 1058 1435 1174 1472; x_wconf 86' lang='lat' dir='ltr'>parve</span> <span class='ocrx_word' id='word_1_152' title='bbox 1204 1422 1363 1460; x_wconf 91' lang='lat' dir='ltr'>ecclesie</span> <span class='ocrx_word' id='word_1_153' title='bbox 1392 1433 1617 1471; x_wconf 88' lang='lat' dir='ltr'>repugnare,</span> <span class='ocrx_word' id='word_1_154' title='bbox 1639 1427 1676 1458; x_wconf 88' lang='lat' dir='ltr'>et</span> <span class='ocrx_word' id='word_1_155' title='bbox 1696 1427 1774 1458; x_wconf 85' lang='lat' dir='ltr'>tam</span> 
     </span>
     <span class='ocr_line' id='line_1_20' title="bbox 161 1481 392 1506; baseline -0.009 -7"><span class='ocrx_word' id='word_1_156' title='bbox 161 1483 178 1499; x_wconf 78' lang='lat' dir='ltr'>a</span> <span class='ocrx_word' id='word_1_157' title='bbox 192 1482 292 1506; x_wconf 68' lang='lat' dir='ltr'>proper</span> <span class='ocrx_word' id='word_1_158' title='bbox 316 1482 363 1498; x_wconf 68' lang='lat' dir='ltr'>ear</span> <span class='ocrx_word' id='word_1_159' title='bbox 377 1481 392 1497; x_wconf 91' lang='lat' dir='ltr'>O</span> 
     </span>
    </p>
   </div>
   <div class='ocr_carea' id='block_1_8' title="bbox 159 1491 1775 1566">
    <p class='ocr_par' dir='ltr' id='par_1_9' title="bbox 159 1491 1775 1566">
     <span class='ocr_line' id='line_1_21' title="bbox 159 1491 1775 1566; baseline -0.002 -34"><span class='ocrx_word' id='word_1_160' title='bbox 159 1506 427 1566; x_wconf 48' lang='grc' dir='ltr'>ἓῖῗθκῖἓὲῑὲὴρζῗὲὴ</span> <span class='ocrx_word' id='word_1_161' title='bbox 443 1496 634 1533; x_wconf 88' lang='lat' dir='ltr'>contraria</span> <span class='ocrx_word' id='word_1_162' title='bbox 648 1503 727 1533; x_wconf 90' lang='lat' dir='ltr'>tam</span> <span class='ocrx_word' id='word_1_163' title='bbox 749 1507 831 1532; x_wconf 91' lang='lat' dir='ltr'>sese</span> <span class='ocrx_word' id='word_1_164' title='bbox 853 1506 972 1543; x_wconf 89' lang='lat' dir='ltr'>quam</span> <span class='ocrx_word' id='word_1_165' title='bbox 993 1494 1218 1531; x_wconf 89' lang='lat' dir='ltr'>altrinsecus</span> <span class='ocrx_word' id='word_1_166' title='bbox 1234 1493 1416 1542; x_wconf 90' lang='lat' dir='ltr'>sacrilege</span> <span class='ocrx_word' id='word_1_167' title='bbox 1433 1493 1610 1542; x_wconf 88' lang='lat' dir='ltr'>spoliare.</span> <span class='ocrx_word' id='word_1_168' title='bbox 1641 1491 1775 1529; x_wconf 91' lang='lat' dir='ltr'>Theo-</span> 
     </span>
    </p>
   </div>
   <div class='ocr_carea' id='block_1_9' title="bbox 158 1563 1831 1825">
    <p class='ocr_par' dir='ltr' id='par_1_10' title="bbox 158 1563 1831 1825">
     <span class='ocr_line' id='line_1_22' title="bbox 158 1563 1774 1616; baseline -0.002 -13"><span class='ocrx_word' id='word_1_169' title='bbox 158 1575 231 1600; x_wconf 82' lang='lat' dir='ltr'>from</span> <span class='ocrx_word' id='word_1_170' title='bbox 244 1573 312 1600; x_wconf 79' lang='lat' dir='ltr'>such</span> <span class='ocrx_word' id='word_1_171' title='bbox 325 1573 403 1599; x_wconf 76' lang='lat' dir='ltr'>evils.</span> <span class='ocrx_word' id='word_1_172' title='bbox 441 1567 552 1616; x_wconf 85' lang='lat' dir='ltr'>logus</span> <span class='ocrx_word' id='word_1_173' title='bbox 573 1578 665 1616; x_wconf 86' lang='lat' dir='ltr'>ergo</span> <span class='ocrx_word' id='word_1_174' title='bbox 686 1567 724 1603; x_wconf 92' lang='lat' dir='ltr'>in</span> <span class='ocrx_word' id='word_1_175' title='bbox 745 1578 825 1615; x_wconf 89' lang='lat' dir='ltr'>quo</span> <span class='ocrx_word' id='word_1_176' title='bbox 840 1566 938 1603; x_wconf 88' lang='lat' dir='ltr'>foret</span> <span class='ocrx_word' id='word_1_177' title='bbox 953 1565 1076 1602; x_wconf 89' lang='lat' dir='ltr'>filialis</span> <span class='ocrx_word' id='word_1_178' title='bbox 1092 1565 1206 1601; x_wconf 87' lang='lat' dir='ltr'>timor</span> <span class='ocrx_word' id='word_1_179' title='bbox 1223 1564 1370 1601; x_wconf 90' lang='lat' dir='ltr'>domini</span> <span class='ocrx_word' id='word_1_180' title='bbox 1392 1564 1585 1613; x_wconf 86' lang='lat' dir='ltr'>detegeret</span> <span class='ocrx_word' id='word_1_181' title='bbox 1600 1563 1774 1600; x_wconf 88' lang='lat' dir='ltr'>animose</span> 
     </span>
     <span class='ocr_line' id='line_1_23' title="bbox 442 1633 1831 1686; baseline 0 -12"><span class='ocrx_word' id='word_1_182' title='bbox 442 1649 598 1674; x_wconf 89' lang='lat' dir='ltr'>causam</span> <span class='ocrx_word' id='word_1_183' title='bbox 628 1637 741 1674; x_wconf 89' lang='lat' dir='ltr'>huius</span> <span class='ocrx_word' id='word_1_184' title='bbox 770 1636 1055 1686; x_wconf 87' lang='lat' dir='ltr'>persecucionis</span> <span class='ocrx_word' id='word_1_185' title='bbox 1084 1641 1121 1673; x_wconf 92' lang='lat' dir='ltr'>et</span> <span class='ocrx_word' id='word_1_186' title='bbox 1150 1634 1410 1672; x_wconf 91' lang='lat' dir='ltr'>tribulacionis</span> <span class='ocrx_word' id='word_1_187' title='bbox 1445 1634 1578 1671; x_wconf 81' lang='lat' dir='ltr'>matris</span> <span class='ocrx_word' id='word_1_188' title='bbox 1616 1633 1775 1671; x_wconf 89' lang='lat' dir='ltr'>ecclesie</span> <span class='ocrx_word' id='word_1_189' title='bbox 1790 1651 1831 1673; x_wconf 87' lang='lat'>20</span> 
     </span>
     <span class='ocr_line' id='line_1_24' title="bbox 442 1705 1776 1758; baseline -0.002 -13"><span class='ocrx_word' id='word_1_190' title='bbox 442 1721 490 1746; x_wconf 92' lang='lat' dir='ltr'>ne</span> <span class='ocrx_word' id='word_1_191' title='bbox 506 1708 648 1746; x_wconf 88' lang='lat' dir='ltr'>incidat</span> <span class='ocrx_word' id='word_1_192' title='bbox 663 1709 701 1745; x_wconf 91' lang='lat' dir='ltr'>in</span> <span class='ocrx_word' id='word_1_193' title='bbox 722 1708 1072 1758; x_wconf 90' lang='lat' dir='ltr'>prevaricacionem</span> <span class='ocrx_word' id='word_1_194' title='bbox 1094 1707 1206 1757; x_wconf 89' lang='lat' dir='ltr'>primi</span> <span class='ocrx_word' id='word_1_195' title='bbox 1220 1707 1233 1726; x_wconf 76' lang='lat'>‘¹</span> <span class='ocrx_word' id='word_1_196' title='bbox 1253 1706 1424 1743; x_wconf 92' lang='lat' dir='ltr'>mandati</span> <span class='ocrx_word' id='word_1_197' title='bbox 1445 1705 1612 1743; x_wconf 89' lang='lat' dir='ltr'>secunde</span> <span class='ocrx_word' id='word_1_198' title='bbox 1636 1705 1776 1742; x_wconf 89' lang='lat' dir='ltr'>tabule.</span> 
     </span>
     <span class='ocr_line' id='line_1_25' title="bbox 443 1776 1777 1825; baseline -0.004 -8"><span class='ocrx_word' id='word_1_199' title='bbox 443 1779 543 1817; x_wconf 91' lang='lat' dir='ltr'>Cum</span> <span class='ocrx_word' id='word_1_200' title='bbox 575 1779 679 1816; x_wconf 91' lang='lat' dir='ltr'>enim</span> <span class='ocrx_word' id='word_1_201' title='bbox 709 1779 890 1816; x_wconf 88' lang='lat' dir='ltr'>dominus</span> <span class='ocrx_word' id='word_1_202' title='bbox 920 1778 1170 1816; x_wconf 83' lang='lat' dir='ltr'>dominorum</span> <span class='ocrx_word' id='word_1_203' title='bbox 1200 1784 1278 1814; x_wconf 91' lang='lat' dir='ltr'>tam</span> <span class='ocrx_word' id='word_1_204' title='bbox 1314 1789 1402 1814; x_wconf 88' lang='lat' dir='ltr'>care</span> <span class='ocrx_word' id='word_1_205' title='bbox 1436 1776 1556 1825; x_wconf 87' lang='lat' dir='ltr'>diligit</span> <span class='ocrx_word' id='word_1_206' title='bbox 1590 1787 1777 1825; x_wconf 86' lang='lat' dir='ltr'>sponsam</span> 
     </span>
    </p>
   </div>
   <div class='ocr_carea' id='block_1_10' title="bbox 160 1847 1891 1924">
    <p class='ocr_par' dir='ltr' id='par_1_11' title="bbox 160 1847 1891 1924">
     <span class='ocr_line' id='line_1_26' title="bbox 160 1847 1891 1924; baseline -0.005 -33"><span class='ocrx_word' id='word_1_207' title='bbox 160 1864 407 1924; x_wconf 53' lang='lat' dir='ltr'>Iflitlissaidtissat</span> <span class='ocrx_word' id='word_1_208' title='bbox 444 1862 552 1887; x_wconf 89' lang='lat' dir='ltr'>suam</span> <span class='ocrx_word' id='word_1_209' title='bbox 586 1849 801 1895; x_wconf 85' lang='lat' dir='ltr'>ecclesiam,</span> <span class='ocrx_word' id='word_1_210' title='bbox 835 1856 939 1899; x_wconf 90' lang='lat' dir='ltr'>patet</span> <span class='ocrx_word' id='word_1_211' title='bbox 973 1849 1079 1898; x_wconf 87' lang='lat' dir='ltr'>quod</span> <span class='ocrx_word' id='word_1_212' title='bbox 1113 1861 1194 1886; x_wconf 90' lang='lat' dir='ltr'>non</span> <span class='ocrx_word' id='word_1_213' title='bbox 1228 1848 1422 1886; x_wconf 86' lang='lat' dir='ltr'>efficacius</span> <span class='ocrx_word' id='word_1_214' title='bbox 1457 1847 1716 1898; x_wconf 86' lang='lat' dir='ltr'>acquireretur</span> <span class='ocrx_word' id='word_1_215' title='bbox 1756 1859 1891 1893; x_wconf 68' lang='lat'>2531).</span> 
     </span>
     <span class='ocr_line' id='line_1_27' title="bbox 162 1904 395 1924; baseline -0.004 0"><span class='ocrx_word' id='word_1_216' title='bbox 162 1904 171 1924; x_wconf 78' lang='lat' dir='ltr'>t</span> <span class='ocrx_word' id='word_1_217' title='bbox 196 1908 209 1924; x_wconf 80' lang='lat' dir='ltr'><strong>e</strong></span> <span class='ocrx_word' id='word_1_218' title='bbox 234 1908 285 1924; x_wconf 73' lang='lat' dir='ltr'>OVe</span> <span class='ocrx_word' id='word_1_219' title='bbox 299 1904 328 1924; x_wconf 79' lang='lat' dir='ltr'>tO</span> <span class='ocrx_word' id='word_1_220' title='bbox 347 1904 357 1923; x_wconf 77' lang='lat' dir='ltr'>t</span> <span class='ocrx_word' id='word_1_221' title='bbox 381 1907 395 1924; x_wconf 74' lang='lat' dir='ltr'>e</span> 
     </span>
    </p>
   </div>
   <div class='ocr_carea' id='block_1_11' title="bbox 161 1918 1779 1998">
    <p class='ocr_par' dir='ltr' id='par_1_12' title="bbox 161 1918 1779 1998">
     <span class='ocr_line' id='line_1_28' title="bbox 161 1918 1779 1998; baseline -0.001 -41"><span class='ocrx_word' id='word_1_222' title='bbox 161 1931 308 1998; x_wconf 46' lang='lat' dir='ltr'>gigssreiihiii</span> <span class='ocrx_word' id='word_1_223' title='bbox 321 1932 376 1990; x_wconf 47' lang='lat' dir='ltr'>iai?-</span> <span class='ocrx_word' id='word_1_224' title='bbox 442 1921 619 1958; x_wconf 81' lang='lat' dir='ltr'>fidelibus</span> <span class='ocrx_word' id='word_1_225' title='bbox 633 1933 742 1958; x_wconf 89' lang='lat' dir='ltr'>amor</span> <span class='ocrx_word' id='word_1_226' title='bbox 759 1921 902 1969; x_wconf 90' lang='lat' dir='ltr'>sponsi.</span> <span class='ocrx_word' id='word_1_227' title='bbox 959 1920 1010 1957; x_wconf 90' lang='lat' dir='ltr'>Et</span> <span class='ocrx_word' id='word_1_228' title='bbox 1025 1921 1054 1957; x_wconf 92' lang='lat' dir='ltr'>si</span> <span class='ocrx_word' id='word_1_229' title='bbox 1072 1920 1219 1957; x_wconf 88' lang='lat' dir='ltr'>dicatur</span> <span class='ocrx_word' id='word_1_230' title='bbox 1240 1919 1344 1969; x_wconf 89' lang='lat' dir='ltr'>quod</span> <span class='ocrx_word' id='word_1_231' title='bbox 1365 1931 1473 1957; x_wconf 91' lang='lat' dir='ltr'>amor</span> <span class='ocrx_word' id='word_1_232' title='bbox 1494 1925 1626 1956; x_wconf 88' lang='lat' dir='ltr'>sancte</span> <span class='ocrx_word' id='word_1_233' title='bbox 1646 1918 1779 1956; x_wconf 89' lang='lat' dir='ltr'>matris</span> 
     </span>
    </p>
   </div>
   <div class='ocr_carea' id='block_1_12' title="bbox 162 1990 1836 2058">
    <p class='ocr_par' dir='ltr' id='par_1_13' title="bbox 162 1990 1836 2058">
     <span class='ocr_line' id='line_1_29' title="bbox 162 1990 1836 2058; baseline -0.001 -27"><span class='ocrx_word' id='word_1_234' title='bbox 162 2000 373 2058; x_wconf 39' lang='grc' dir='ltr'>ῗὲἒὲνννντὲεῐέῗςέ</span> <span class='ocrx_word' id='word_1_235' title='bbox 443 1992 602 2030; x_wconf 88' lang='lat' dir='ltr'>ecclesie</span> <span class='ocrx_word' id='word_1_236' title='bbox 625 1998 696 2030; x_wconf 88' lang='lat' dir='ltr'>stat</span> <span class='ocrx_word' id='word_1_237' title='bbox 723 1993 761 2029; x_wconf 91' lang='lat' dir='ltr'>in</span> <span class='ocrx_word' id='word_1_238' title='bbox 790 1991 1040 2029; x_wconf 80' lang='lat' dir='ltr'>sanctorum⁵</span> <span class='ocrx_word' id='word_1_239' title='bbox 1068 1991 1273 2029; x_wconf 84' lang='lat' dir='ltr'>dotacione</span> <span class='ocrx_word' id='word_1_240' title='bbox 1303 1991 1368 2028; x_wconf 74' lang='lat' dir='ltr'>et⁶</span> <span class='ocrx_word' id='word_1_241' title='bbox 1391 1990 1550 2028; x_wconf 88' lang='lat' dir='ltr'>seculari</span> <span class='ocrx_word' id='word_1_242' title='bbox 1580 1990 1776 2039; x_wconf 88' lang='lat' dir='ltr'>privilega-</span> <span class='ocrx_word' id='word_1_243' title='bbox 1793 2006 1836 2039; x_wconf 88' lang='lat'>25·</span> 
     </span>
    </p>
   </div>
   <div class='ocr_carea' id='block_1_13' title="bbox 162 2061 1777 2132">
    <p class='ocr_par' dir='ltr' id='par_1_14' title="bbox 162 2061 1777 2132">
     <span class='ocr_line' id='line_1_30' title="bbox 162 2061 1777 2132; baseline -0.002 -31"><span class='ocrx_word' id='word_1_244' title='bbox 162 2067 241 2132; x_wconf 53' lang='lat'>{521¹}</span> <span class='ocrx_word' id='word_1_245' title='bbox 238 2066 316 2124; x_wconf 50' lang='lat' dir='ltr'>nssgtt</span> <span class='ocrx_word' id='word_1_246' title='bbox 329 2066 422 2125; x_wconf 50' lang='lat' dir='ltr'>ggeone</span> <span class='ocrx_word' id='word_1_247' title='bbox 443 2064 565 2109; x_wconf 86' lang='lat' dir='ltr'>cione‚</span> <span class='ocrx_word' id='word_1_248' title='bbox 606 2063 713 2101; x_wconf 91' lang='lat' dir='ltr'>sicud</span> <span class='ocrx_word' id='word_1_249' title='bbox 756 2063 865 2113; x_wconf 91' lang='lat' dir='ltr'>pueri</span> <span class='ocrx_word' id='word_1_250' title='bbox 908 2063 1115 2102; x_wconf 86' lang='lat' dir='ltr'>effeminati</span> <span class='ocrx_word' id='word_1_251' title='bbox 1153 2062 1241 2099; x_wconf 91' lang='lat' dir='ltr'>cleri</span> <span class='ocrx_word' id='word_1_252' title='bbox 1281 2061 1464 2111; x_wconf 86' lang='lat' dir='ltr'>prepositi</span> <span class='ocrx_word' id='word_1_253' title='bbox 1503 2068 1777 2108; x_wconf 89' lang='lat' dir='ltr'>contestantur,</span> 
     </span>
    </p>
   </div>
   <div class='ocr_carea' id='block_1_14' title="bbox 161 2132 1780 2192">
    <p class='ocr_par' dir='ltr' id='par_1_15' title="bbox 161 2132 1780 2192">
     <span class='ocr_line' id='line_1_31' title="bbox 161 2132 1780 2192; baseline -0.001 -21"><span class='ocrx_word' id='word_1_254' title='bbox 161 2134 419 2192; x_wconf 44' lang='lat' dir='ltr'>ffisadfisssseisssszffio</span> <span class='ocrx_word' id='word_1_255' title='bbox 444 2134 578 2171; x_wconf 89' lang='lat' dir='ltr'>dicitur</span> <span class='ocrx_word' id='word_1_256' title='bbox 594 2134 701 2183; x_wconf 89' lang='lat' dir='ltr'>quod</span> <span class='ocrx_word' id='word_1_257' title='bbox 723 2133 940 2171; x_wconf 84' lang='lat' dir='ltr'>febricitans</span> <span class='ocrx_word' id='word_1_258' title='bbox 962 2145 1042 2171; x_wconf 93' lang='lat' dir='ltr'>non</span> <span class='ocrx_word' id='word_1_259' title='bbox 1062 2139 1119 2171; x_wconf 89' lang='lat' dir='ltr'>est</span> <span class='ocrx_word' id='word_1_260' title='bbox 1135 2134 1261 2170; x_wconf 90' lang='lat' dir='ltr'>bonus</span> <span class='ocrx_word' id='word_1_261' title='bbox 1277 2133 1392 2170; x_wconf 86' lang='lat' dir='ltr'>iudex</span> <span class='ocrx_word' id='word_1_262' title='bbox 1414 2133 1453 2169; x_wconf 92' lang='lat' dir='ltr'>in</span> <span class='ocrx_word' id='word_1_263' title='bbox 1473 2132 1668 2170; x_wconf 84' lang='lat' dir='ltr'>esibilibus</span> <span class='ocrx_word' id='word_1_264' title='bbox 1686 2144 1780 2170; x_wconf 92' lang='lat' dir='ltr'>con-</span> 
     </span>
    </p>
   </div>
   <div class='ocr_carea' id='block_1_15' title="bbox 164 2200 1780 2254">
    <p class='ocr_par' dir='ltr' id='par_1_16' title="bbox 164 2200 1780 2254">
     <span class='ocr_line' id='line_1_32' title="bbox 164 2200 1780 2254; baseline -0.001 -12"><span class='ocrx_word' id='word_1_265' title='bbox 164 2201 200 2225; x_wconf 63' lang='lat' dir='ltr'>be</span> <span class='ocrx_word' id='word_1_266' title='bbox 215 2200 353 2226; x_wconf 64' lang='lat' dir='ltr'>f0¹¹0wed·</span> <span class='ocrx_word' id='word_1_267' title='bbox 446 2206 693 2242; x_wconf 88' lang='lat' dir='ltr'>cernentibus</span> <span class='ocrx_word' id='word_1_268' title='bbox 723 2204 1027 2254; x_wconf 87' lang='lat' dir='ltr'>congruenciam</span> <span class='ocrx_word' id='word_1_269' title='bbox 1056 2205 1112 2242; x_wconf 91' lang='lat' dir='ltr'>sui</span> <span class='ocrx_word' id='word_1_270' title='bbox 1135 2204 1342 2253; x_wconf 81' lang='lat' dir='ltr'>regiminis,</span> <span class='ocrx_word' id='word_1_271' title='bbox 1366 2204 1433 2240; x_wconf 86' lang='lat' dir='ltr'>sed</span> <span class='ocrx_word' id='word_1_272' title='bbox 1453 2209 1605 2253; x_wconf 86' lang='lat' dir='ltr'>oportet</span> <span class='ocrx_word' id='word_1_273' title='bbox 1625 2203 1780 2241; x_wconf 90' lang='lat' dir='ltr'>credere</span> 
     </span>
    </p>
   </div>
   <div class='ocr_carea' id='block_1_16' title="bbox 164 2274 1997 2608">
    <p class='ocr_par' dir='ltr' id='par_1_17' title="bbox 164 2274 1780 2341">
     <span class='ocr_line' id='line_1_33' title="bbox 164 2274 1780 2341; baseline -0.002 -27"><span class='ocrx_word' id='word_1_274' title='bbox 164 2280 411 2341; x_wconf 45' lang='lat' dir='ltr'>{Vffrsstussgolliilzv</span> <span class='ocrx_word' id='word_1_275' title='bbox 446 2276 572 2314; x_wconf 88' lang='lat' dir='ltr'>verbis</span> <span class='ocrx_word' id='word_1_276' title='bbox 594 2282 630 2313; x_wconf 84' lang='lat' dir='ltr'>et</span> <span class='ocrx_word' id='word_1_277' title='bbox 650 2276 725 2313; x_wconf 88' lang='lat' dir='ltr'>vite</span> <span class='ocrx_word' id='word_1_278' title='bbox 745 2276 785 2312; x_wconf 92' lang='lat' dir='ltr'>in</span> <span class='ocrx_word' id='word_1_279' title='bbox 805 2275 932 2313; x_wconf 91' lang='lat' dir='ltr'>Cristo</span> <span class='ocrx_word' id='word_1_280' title='bbox 953 2282 989 2313; x_wconf 90' lang='lat' dir='ltr'>et</span> <span class='ocrx_word' id='word_1_281' title='bbox 1011 2275 1089 2313; x_wconf 88' lang='lat' dir='ltr'>suis</span> <span class='ocrx_word' id='word_1_282' title='bbox 1110 2275 1308 2325; x_wconf 81' lang='lat' dir='ltr'>apostolis,</span> <span class='ocrx_word' id='word_1_283' title='bbox 1331 2287 1430 2324; x_wconf 90' lang='lat' dir='ltr'>quos</span> <span class='ocrx_word' id='word_1_284' title='bbox 1450 2280 1601 2324; x_wconf 86' lang='lat' dir='ltr'>oportet</span> <span class='ocrx_word' id='word_1_285' title='bbox 1625 2274 1780 2312; x_wconf 87' lang='lat' dir='ltr'>credere</span> 
     </span>
    </p>

    <p class='ocr_par' dir='ltr' id='par_1_18' title="bbox 166 2345 1997 2608">
     <span class='ocr_line' id='line_1_34' title="bbox 166 2345 1997 2395; baseline 0.001 -13"><span class='ocrx_word' id='word_1_286' title='bbox 166 2349 308 2382; x_wconf 70' lang='lat' dir='ltr'>Apostles·</span> <span class='ocrx_word' id='word_1_287' title='bbox 447 2347 562 2385; x_wconf 88' lang='lat' dir='ltr'>fuisse</span> <span class='ocrx_word' id='word_1_288' title='bbox 593 2346 693 2384; x_wconf 88' lang='lat' dir='ltr'>viros</span> <span class='ocrx_word' id='word_1_289' title='bbox 725 2346 959 2391; x_wconf 87' lang='lat' dir='ltr'>sanissimos,</span> <span class='ocrx_word' id='word_1_290' title='bbox 980 2347 1178 2395; x_wconf 86' lang='lat' dir='ltr'>re*gimen</span> <span class='ocrx_word' id='word_1_291' title='bbox 1209 2346 1334 2383; x_wconf 86' lang='lat' dir='ltr'>tocius</span> <span class='ocrx_word' id='word_1_292' title='bbox 1363 2345 1521 2383; x_wconf 88' lang='lat' dir='ltr'>ecclesie</span> <span class='ocrx_word' id='word_1_293' title='bbox 1551 2358 1599 2383; x_wconf 84' lang='lat' dir='ltr'>ex</span> <span class='ocrx_word' id='word_1_294' title='bbox 1630 2357 1780 2383; x_wconf 88' lang='lat' dir='ltr'>summa</span> <span class='ocrx_word' id='word_1_295' title='bbox 1793 2354 1997 2386; x_wconf 79' lang='lat' dir='ltr'>F01.176b.</span> 
     </span>
     <span class='ocr_line' id='line_1_35' title="bbox 446 2417 1780 2469; baseline -0.001 -12"><span class='ocrx_word' id='word_1_296' title='bbox 446 2419 641 2469; x_wconf 86' lang='lat' dir='ltr'>sapiencia</span> <span class='ocrx_word' id='word_1_297' title='bbox 655 2418 891 2457; x_wconf 81' lang='lat' dir='ltr'>ordinantes.</span> <span class='ocrx_word' id='word_1_298' title='bbox 947 2418 997 2455; x_wconf 84' lang='lat' dir='ltr'>Et</span> <span class='ocrx_word' id='word_1_299' title='bbox 1012 2419 1117 2455; x_wconf 81' lang='lat' dir='ltr'>iuxta</span> <span class='ocrx_word' id='word_1_300' title='bbox 1132 2418 1230 2456; x_wconf 91' lang='lat' dir='ltr'>hanc</span> <span class='ocrx_word' id='word_1_301' title='bbox 1248 2418 1363 2455; x_wconf 91' lang='lat' dir='ltr'>fidem</span> <span class='ocrx_word' id='word_1_302' title='bbox 1380 2418 1443 2454; x_wconf 91' lang='lat' dir='ltr'>filii</span> <span class='ocrx_word' id='word_1_303' title='bbox 1465 2418 1523 2455; x_wconf 91' lang='lat' dir='ltr'>dei</span> <span class='ocrx_word' id='word_1_304' title='bbox 1546 2424 1698 2467; x_wconf 88' lang='lat' dir='ltr'>oportet</span> <span class='ocrx_word' id='word_1_305' title='bbox 1718 2417 1780 2455; x_wconf 87' lang='lat' dir='ltr'>dei</span> 
     </span>
     <span class='ocr_line' id='line_1_36' title="bbox 447 2488 1781 2538; baseline -0.001 -11"><span class='ocrx_word' id='word_1_306' title='bbox 447 2490 642 2527; x_wconf 87' lang='lat' dir='ltr'>adiutores</span> <span class='ocrx_word' id='word_1_307' title='bbox 669 2501 764 2534; x_wconf 89' lang='lat' dir='ltr'>esse,</span> <span class='ocrx_word' id='word_1_308' title='bbox 789 2489 959 2526; x_wconf 84' lang='lat' dir='ltr'>securius</span> <span class='ocrx_word' id='word_1_309' title='bbox 986 2496 1199 2538; x_wconf 90' lang='lat' dir='ltr'>operantes.</span> <span class='ocrx_word' id='word_1_310' title='bbox 1264 2488 1451 2534; x_wconf 86' lang='lat' dir='ltr'>Quamvis</span> <span class='ocrx_word' id='word_1_311' title='bbox 1471 2489 1574 2525; x_wconf 89' lang='lat' dir='ltr'>enim</span> <span class='ocrx_word' id='word_1_312' title='bbox 1595 2488 1781 2526; x_wconf 90' lang='lat' dir='ltr'>debemus</span> 
     </span>
     <span class='ocr_line' id='line_1_37' title="bbox 446 2558 1781 2608; baseline 0.001 -12"><span class='ocrx_word' id='word_1_313' title='bbox 446 2560 625 2597; x_wconf 91' lang='lat' dir='ltr'>inimicos</span> <span class='ocrx_word' id='word_1_314' title='bbox 643 2559 811 2608; x_wconf 75' lang='lat' dir='ltr'>diligere,</span> <span class='ocrx_word' id='word_1_315' title='bbox 824 2560 945 2597; x_wconf 82' lang='lat' dir='ltr'>eciam</span> <span class='ocrx_word' id='word_1_316' title='bbox 966 2561 1140 2596; x_wconf 88' lang='lat' dir='ltr'>membra</span> <span class='ocrx_word' id='word_1_317' title='bbox 1161 2559 1314 2606; x_wconf 80' lang='lat' dir='ltr'>diaboli,</span> <span class='ocrx_word' id='word_1_318' title='bbox 1331 2567 1461 2597; x_wconf 89' lang='lat' dir='ltr'>tamen</span> <span class='ocrx_word' id='word_1_319' title='bbox 1481 2559 1571 2596; x_wconf 91' lang='lat' dir='ltr'>illud</span> <span class='ocrx_word' id='word_1_320' title='bbox 1593 2558 1781 2597; x_wconf 87' lang='lat' dir='ltr'>debemus</span> 
     </span>
    </p>
   </div>
   <div class='ocr_carea' id='block_1_17' title="bbox 450 2629 1675 2680">
    <p class='ocr_par' dir='ltr' id='par_1_19' title="bbox 450 2629 1675 2680">
     <span class='ocr_line' id='line_1_38' title="bbox 450 2629 1675 2680; baseline 0 -13"><span class='ocrx_word' id='word_1_321' title='bbox 450 2636 671 2668; x_wconf 80' lang='lat' dir='ltr'>constanter</span> <span class='ocrx_word' id='word_1_322' title='bbox 691 2630 832 2679; x_wconf 78' lang='lat' dir='ltr'>exequi</span> <span class='ocrx_word' id='word_1_323' title='bbox 855 2636 1008 2680; x_wconf 88' lang='lat' dir='ltr'>propter</span> <span class='ocrx_word' id='word_1_324' title='bbox 1029 2642 1201 2668; x_wconf 89' lang='lat' dir='ltr'>amorem</span> <span class='ocrx_word' id='word_1_325' title='bbox 1223 2629 1335 2667; x_wconf 89' lang='lat' dir='ltr'>Cristi</span> <span class='ocrx_word' id='word_1_326' title='bbox 1355 2636 1392 2667; x_wconf 86' lang='lat' dir='ltr'>et</span> <span class='ocrx_word' id='word_1_327' title='bbox 1416 2642 1483 2667; x_wconf 91' lang='lat' dir='ltr'>sue</span> <span class='ocrx_word' id='word_1_328' title='bbox 1504 2630 1675 2668; x_wconf 89' lang='lat' dir='ltr'>ecclesie.</span> 
     </span>
    </p>
   </div>
   <div class='ocr_carea' id='block_1_18' title="bbox 453 2720 1782 2815">
    <p class='ocr_par' dir='ltr' id='par_1_20' title="bbox 453 2720 1782 2815">
     <span class='ocr_line' id='line_1_39' title="bbox 496 2720 1782 2765; baseline 0.001 -12"><span class='ocrx_word' id='word_1_329' title='bbox 496 2721 506 2739; x_wconf 84' lang='lat'>¹</span> <span class='ocrx_word' id='word_1_330' title='bbox 531 2726 750 2764; x_wconf 86' lang='lat' dir='ltr'>procurerent,</span> <span class='ocrx_word' id='word_1_331' title='bbox 767 2729 797 2753; x_wconf 88' lang='lat' dir='ltr'>B.</span> <span class='ocrx_word' id='word_1_332' title='bbox 882 2720 893 2738; x_wconf 86' lang='lat'><em>²</em></span> <span class='ocrx_word' id='word_1_333' title='bbox 917 2721 1005 2753; x_wconf 90' lang='lat' dir='ltr'>fieret</span> <span class='ocrx_word' id='word_1_334' title='bbox 1022 2727 1086 2763; x_wconf 74' lang='lat' dir='ltr'>pro</span> <span class='ocrx_word' id='word_1_335' title='bbox 1103 2721 1193 2760; x_wconf 86' lang='lat' dir='ltr'>foret,</span> <span class='ocrx_word' id='word_1_336' title='bbox 1211 2729 1241 2753; x_wconf 91' lang='grc' dir='ltr'>Β.</span> <span class='ocrx_word' id='word_1_337' title='bbox 1336 2721 1347 2739; x_wconf 80' lang='lat'>³</span> <span class='ocrx_word' id='word_1_338' title='bbox 1371 2727 1578 2763; x_wconf 85' lang='lat' dir='ltr'>repugnatos,</span> <span class='ocrx_word' id='word_1_339' title='bbox 1595 2730 1630 2754; x_wconf 92' lang='lat' dir='ltr'>A.</span> <span class='ocrx_word' id='word_1_340' title='bbox 1697 2722 1708 2740; x_wconf 70' lang='lat'><strong>⁴</strong></span> <span class='ocrx_word' id='word_1_341' title='bbox 1724 2734 1782 2765; x_wconf 87' lang='lat' dir='ltr'>pa-</span> 
     </span>
     <span class='ocr_line' id='line_1_40' title="bbox 453 2773 1628 2815; baseline 0.001 -11"><span class='ocrx_word' id='word_1_342' title='bbox 453 2774 549 2811; x_wconf 87' lang='lat' dir='ltr'>trimi,</span> <span class='ocrx_word' id='word_1_343' title='bbox 569 2782 602 2805; x_wconf 90' lang='lat' dir='ltr'>A.</span> <span class='ocrx_word' id='word_1_344' title='bbox 710 2773 721 2790; x_wconf 78' lang='lat'>⁵</span> <span class='ocrx_word' id='word_1_345' title='bbox 746 2777 921 2804; x_wconf 86' lang='lat' dir='ltr'>stercorum</span> <span class='ocrx_word' id='word_1_346' title='bbox 944 2778 1005 2814; x_wconf 65' lang='lat' dir='ltr'>pro</span> <span class='ocrx_word' id='word_1_347' title='bbox 1021 2778 1218 2812; x_wconf 82' lang='lat' dir='ltr'>sanctorum,</span> <span class='ocrx_word' id='word_1_348' title='bbox 1237 2781 1266 2805; x_wconf 82' lang='grc' dir='ltr'>Β.</span> <span class='ocrx_word' id='word_1_349' title='bbox 1371 2775 1383 2792; x_wconf 81' lang='lat'>⁰</span> <span class='ocrx_word' id='word_1_350' title='bbox 1405 2774 1437 2804; x_wconf 88' lang='lat' dir='ltr'>in</span> <span class='ocrx_word' id='word_1_351' title='bbox 1455 2778 1519 2815; x_wconf 66' lang='lat' dir='ltr'>fro</span> <span class='ocrx_word' id='word_1_352' title='bbox 1536 2778 1576 2813; x_wconf 85' lang='lat' dir='ltr'>et,</span> <span class='ocrx_word' id='word_1_353' title='bbox 1595 2782 1628 2806; x_wconf 88' lang='lat' dir='ltr'>A.</span> 
     </span>
    </p>
   </div>
   <div class='ocr_carea' id='block_1_19' title="bbox 2040 30 2051 1019">
    <p class='ocr_par' dir='ltr' id='par_1_21' title="bbox 2040 30 2051 1019">
     <span class='ocr_line' id='line_1_41' title="bbox 2040 30 2051 1019; baseline 0 0"><span class='ocrx_word' id='word_1_354' title='bbox 2040 30 2051 1019; x_wconf 95' lang='lat' dir='ltr'> </span> 
     </span>
    </p>
   </div>
  </div>
 </body>
</html>
