2051 3299
711 189 774 219 DE
806 187 999 219 OFFICIO
1032 187 1188 219 REGIS.
1783 190 1864 233 239

259 293 402 338 talium,
424 292 489 329 ubi
509 292 618 329 tradit
638 292 751 329 nimis
775 291 930 329 civiliter
952 303 1023 340 pro
1047 291 1179 339 regula
1208 297 1395 340 tanquam
1415 291 1584 328 maxima

259 363 452 400 iudicandi
473 362 577 411 quod
600 362 821 411 quicunque
847 362 887 398 in
916 362 1005 399 data
1032 362 1198 398 anterior
1225 361 1338 399 debet
1362 361 1521 410 preferri
1547 367 1585 398 et

260 433 313 470 sic
335 433 381 470 de
403 432 581 469 maximis
601 432 683 469 aliis
705 432 887 469 anticristi
907 437 948 468 ut
968 438 1072 480 patet
1092 431 1191 468 alibi.

311 502 375 539 Ad
407 502 568 539 tercium
604 508 790 551 punctum
819 502 1081 551 principalem,
1115 507 1219 550 patet
1252 514 1300 539 ex
1335 501 1444 539 dictis
1478 501 1583 551 quod
1594 503 1727 564 2523&
1739 514 1786 564 fao¹¹r¹
1799 547 1862 571 say-

224 572 380 615 sclerus
409 573 458 608 ab
487 571 620 608 infimo
648 571 847 609 sacerdote
873 583 996 620 usque
1023 571 1073 608 ad
1105 571 1331 608 Romanum
1358 571 1581 621 pontificem
1594 571 1642 603 ing
1656 571 1716 596 that
1732 572 1851 604 Bi⁵h01³⁵

1593 604 1694 630 should
1708 605 1760 630 obe

257 642 370 679 debet
389 642 523 690 pocius
543 641 721 678 humilius
742 648 778 678 et
797 641 1042 690 multiplicius
1058 642 1214 679 obedire
1231 641 1390 679 domino
1408 641 1580 679 seculari.
1594 614 1788 697 tssffiffcffculg‘

256 711 371 749 Unde
401 711 700 760 dogmatisantes
730 712 951 761 oppositum
982 712 1124 749 nedum
1158 713 1353 750 incurrunt
1392 712 1581 749 offensam

255 781 317 819 dei
350 781 415 831 qui
444 782 562 819 voluit
592 794 639 819 ex
672 788 806 819 mutua
836 782 1064 819 obediencia
1097 783 1300 820 ecclesiam
1334 794 1417 820 esse
1448 794 1581 828 unum,

255 864 327 889 nec
367 851 492 888 solum
533 851 723 890 offensam
759 864 923 901 persone
961 852 1122 890 ecclesie
1161 864 1236 901 que
1271 853 1346 890 hoc
1380 860 1580 902 unguento

203 931 243 954 10
255 921 367 970 capiti
387 928 593 967 catenatur,
612 923 678 959 sed
695 922 884 960 offensam
899 922 1170 971 episcoporum
1191 930 1227 960 et
1248 923 1335 960 cleri
1355 935 1426 972 pro
1443 924 1581 972 quibus

37 1137 85 1167 49
102 1136 138 1166 b.

200 1283 238 1315 15

36 1566 117 1597 1¹01.
130 1565 238 1599 170b.

35 1635 86 1667 Ps.
102 1635 158 1667 vii.
177 1644 226 1666 12.

34 1849 102 1890 Jos.
116 1860 145 1880 x.
166 1859 214 1891 14.

33 2264 119 2297 Phil.
135 2264 169 2297 ii.
185 2265 216 2296 8.

254 992 427 1030 videntur
448 992 651 1041 sophistice
671 1005 884 1042 procurare.
942 993 1122 1030 Finaliter
1146 994 1249 1030 enim
1275 994 1581 1043 deprehendetur

253 1074 388 1100 eorum
427 1062 590 1100 stulticia
627 1063 693 1111 qui
731 1062 991 1112 dogmatisant
1029 1064 1134 1113 quod
1178 1064 1299 1101 clerus
1344 1076 1424 1101 non
1466 1064 1580 1102 debet

254 1132 421 1171 dominis
455 1133 684 1170 secularibus
718 1133 853 1170 saltem
885 1134 1039 1182 proprie
1073 1134 1241 1171 obedire.
1300 1133 1318 1153 *
1377 1134 1440 1171 Ad
1474 1135 1581 1185 quod

253 1203 390 1241 faciam
410 1203 594 1252 triplicem
615 1204 821 1241 racionem.
878 1203 1007 1241 Prima
1026 1204 1110 1241 talis
1131 1205 1257 1242 omnis
1272 1205 1387 1242 virtus
1407 1213 1577 1243 creature
1590 1211 1697 1271 ἒὲἑέὲ)
1709 1211 1827 1271 ggrsglrae-

1691 1264 1697 1276 ‚

252 1269 457 1311 racionalis
483 1280 540 1311 est
565 1274 832 1322 exemplariter
855 1274 894 1310 in
921 1285 991 1311 suo
1011 1274 1178 1323 analogo
1198 1275 1238 1311 in
1259 1275 1453 1323 sapiencia
1473 1288 1577 1313 crea—
1592 1278 1860 1338 ffirywsstffivssilfie

252 1344 356 1381 toris.
415 1343 491 1381 Sed
518 1344 746 1382 obediencia
771 1344 940 1382 hominis
970 1351 1025 1381 est
1045 1345 1228 1394 precipua
1246 1345 1375 1391 virtus,
1399 1346 1481 1383 sine
1503 1358 1579 1395 qua
1592 1345 1722 1404 ffffiggllss
1733 1345 1837 1372 0fG0d

253 1414 488 1463 impossibile
526 1422 582 1452 est
620 1414 813 1452 meritorie
850 1414 999 1463 placere
1039 1415 1112 1453 deo
1150 1415 1209 1452 vel
1248 1415 1404 1453 homini.
1471 1416 1579 1464 Ergo

252 1490 406 1533 oportet
425 1484 531 1533 quod
551 1485 634 1534 ipsa
654 1485 700 1521 sit
720 1484 986 1533 exemplariter
1006 1484 1222 1522 secundum
1242 1485 1334 1522 illud
1355 1486 1461 1535 quod
1482 1488 1579 1536 sapit

820 1553 838 1574 ,κ

252 1555 535 1604 perfeccionem
566 1555 789 1604 simpliciter
869 1556 909 1591 in
939 1555 1132 1604 sapiencia
1162 1556 1356 1593 creatoris.
1415 1555 1454 1593 Si
1484 1569 1579 1605 ergo

252 1624 358 1669 deus,
388 1625 502 1662 iudex
530 1626 649 1661 ius-lus
670 1625 798 1674 sbrtz's
830 1630 864 1662 et
890 1627 1054 1674 paciens,
1090 1624 1294 1662 z'rascz'z‘ur1
1317 1633 1386 1674 per
1414 1627 1579 1675 singulos

252 1696 336 1740 dies,
358 1695 479 1732 multo
499 1695 621 1744 magis
640 1695 699 1732 vel
719 1707 741 1732 a
760 1695 843 1744 pari
864 1695 956 1732 deus
974 1696 1201 1744 exemplans
1230 1708 1389 1734 omnem
1409 1703 1579 1734 creatam

251 1765 517 1803 obedienciam
536 1772 594 1802 est
614 1777 762 1802 summe
782 1766 979 1803 obediens.
1036 1766 1088 1803 Et
1111 1767 1182 1803 ista
1202 1766 1400 1805 conclusio
1421 1767 1578 1805 docetur
1592 1774 1648 1800 For
1658 1774 1732 1806 God,
1746 1783 1777 1801 as
1792 1775 1805 1800 1

1589 1808 1661 1833 have
1671 1808 1777 1839 shown,

250 1836 290 1872 in
319 1835 393 1872 fide
421 1836 603 1884 scripture
624 1835 700 1873 Ios.
721 1848 757 1881 x,
779 1836 844 1873 ubi
875 1836 1010 1873 dicitur
1029 1837 1136 1885 quod
1163 1836 1257 1875 deus
1281 1837 1469 1875 obedivit2
1492 1839 1575 1876 voci
1587 1841 1784 1902 gggsotffian

250 1905 429 1951 hominis,
450 1917 563 1954 super
589 1917 667 1954 quo
694 1907 827 1943 beatus
848 1906 1087 1955 Augustinus
1108 1919 1199 1956 sepe
1226 1907 1315 1945 dicit
1342 1908 1447 1957 quod
1466 1908 1574 1946 Deus

250 1975 408 2013 obedit³
438 1975 670 2021 hominibus,
705 1982 747 2013 ut
780 1988 894 2025 supra
926 1977 1097 2025 exposui.
1157 1977 1256 2015 Item
1290 1979 1396 2028 quod
1430 1978 1577 2017 Cristus

250 2046 415 2084 obedivit
446 2045 665 2084 hominibus
695 2046 928 2095 humanitus,
961 2048 1056 2085 sicut
1094 2054 1131 2085 et
1170 2049 1228 2085 sui
1266 2049 1442 2098 apostoli,
1472 2055 1576 2098 patet

250 2117 516 2165 multipliciter,
539 2117 664 2166 primo
692 2129 761 2165 per
784 2116 858 2155 hoc
885 2117 990 2167 quod
1019 2117 1166 2155 Cristus
1192 2118 1261 2156 fuit
1289 2119 1424 2168 plenus
1448 2120 1577 2168 gracie

250 2194 288 2224 et
316 2187 460 2224 virtutis
490 2194 615 2225 create
645 2187 860 2224 secundum
889 2200 1047 2225 omnem
1077 2189 1256 2238 speciem,
1280 2196 1317 2226 et
1345 2202 1413 2239 per
1441 2202 1577 2227 conse·
1591 2195 1686 2222 Christ
1698 2196 1823 2222 alsoand

1592 2229 1647 2255 His
1662 2230 1791 2262 Apostles

251 2269 372 2307 quens
403 2257 471 2294 fuit
500 2257 635 2306 plenus
666 2258 886 2296 obediencie
921 2259 1045 2296 eciam
1076 2272 1188 2307 usque
1216 2260 1269 2296 ad
1294 2264 1439 2297 mortem
1455 2274 1476 2304 ,·
1506 2273 1577 2297 nec
1590 2271 1662 2322 {⁹351ss
1673 2263 1846 2323 &glggngnd

197 2344 239 2375 30
252 2327 376 2365 solum
414 2328 599 2366 obediens
638 2328 706 2365 fuit
744 2328 884 2373 deitati,
921 2329 988 2366 sed
1027 2329 1186 2376 homini,
1222 2342 1311 2367 cum
1352 2331 1459 2368 aliter
1497 2343 1577 2368 non
1592 2329 1671 2356 Man-

250 2397 444 2435 habuisset
467 2398 735 2435 obedienciam
760 2405 926 2436 creatam
949 2399 1110 2437 univoce
1140 2412 1228 2437 cum
1254 2400 1328 2438 alio
1354 2400 1466 2438 fratre
1494 2413 1576 2439 suo.

251 2467 383 2505 Virtus
403 2468 507 2505 enim
528 2468 769 2516 specificatur
789 2470 837 2506 ab
858 2470 1020 2507 obiecto.
1077 2470 1172 2508 Ideo
1188 2470 1260 2507 alia
1276 2477 1333 2508 est
1351 2471 1578 2509 obediencia

250 2538 380 2587 quoad
400 2538 566 2587 speciem
586 2550 661 2588 qua
681 2539 858 2576 obeditur
878 2539 952 2577 deo
972 2546 1008 2577 et
1028 2540 1100 2577 alia
1116 2553 1193 2590 qua
1213 2541 1388 2578 obeditur
1416 2542 1575 2590 homini,

249 2608 321 2645 nisi
340 2607 438 2646 forte
458 2608 605 2646 dicatur
623 2609 730 2658 quod
756 2609 795 2646 in
819 2609 957 2647 eodem
981 2610 1179 2648 involucro
1200 2623 1278 2660 quo
1305 2611 1373 2649 rite
1403 2612 1579 2649 obeditur

294 2701 304 2718 ¹
327 2701 484 2742 numquid
506 2702 662 2733 irascetur
677 2707 742 2743 pro
765 2703 925 2743 irascitur,
943 2712 979 2735 A.
1111 2702 1122 2720 2
1146 2704 1258 2736 obedit
1275 2709 1339 2745 pro
1362 2705 1519 2744 obedivit,
1537 2714 1572 2737 A.

250 2752 262 2770 ³
287 2751 431 2784 obedivit
447 2757 511 2793 pro
528 2753 651 2792 obedit,
669 2762 702 2785 A.
