2051 3299
717 225 782 257 DE
814 223 1007 258 OFFICIO
1039 222 1195 255 REGIS.
1821 214 1901 259 279

296 328 453 367 dilectus
473 330 590 379 patris
609 330 825 379 unigenitus
845 328 1059 368 secundum
1080 326 1323 370 divinitatem,
1337 329 1378 362 ut
1393 322 1482 361 dicit
1501 322 1619 372 prima

295 410 385 448 pars
422 399 668 447 auctoritatis,
701 399 849 438 habens
895 397 1174 449 plenitudinem
1214 394 1376 444 Spiritus
1414 392 1536 431 sancti
1574 391 1622 429 de

294 469 403 506 cuius
422 469 658 518 plenitudine
678 475 830 520 oportet
853 480 925 507 nos
953 468 1126 517 accipere
1146 466 1177 505 si
1197 465 1427 503 salvaremur
1439 462 1452 483 ¹
1467 474 1624 500 z—cum

78 542 280 574 1¹01.181b.
294 544 423 576 autem
444 539 490 577 sit
509 544 588 577 tam
610 538 629 558 *
651 539 752 578 mitis
778 545 815 577 et
839 538 993 576 humilis
1022 537 1130 588 quod
1158 548 1231 574 nec
1260 534 1377 574 seculi
1404 533 1623 584 potentibus

261 606 391 660 5fuit²
418 608 592 648 dominio
621 621 692 648 suo
721 609 932 648 contrarius
960 607 1019 646 vel
1047 618 1236 646 onerosus
1273 618 1344 644 nec
1383 603 1621 654 simplicibus

291 678 447 728 rigidus,
482 691 554 718 nec
592 679 641 718 de
679 680 755 717 suis
796 678 939 717 iniuriis
977 677 1125 716 tediose
1161 686 1415 726 conquerens,
1454 680 1496 712 ut
1533 673 1623 711 dicit

295 755 338 786 2a
349 760 439 798 pars
451 749 982 799 auctoritatisz—potentatus
998 753 1126 786 autem
1140 746 1257 785 seculi
1273 752 1360 784 sunt
1372 743 1521 783 arundo
1534 755 1621 793 que,

291 819 383 869 quia
419 818 499 857 luto
536 818 805 869 temporalium
842 818 1020 868 infigitur,
1055 817 1144 855 ideo
1181 816 1222 854 in
1259 815 1470 854 affeccione
1509 820 1623 852 vento

291 888 442 926 fortune
470 894 655 939 tanquam
693 888 743 927 ad
780 888 879 927 intra
908 900 1028 926 vacua
1059 893 1352 934 conmoventur,
1382 886 1488 923 iuxta
1529 883 1623 922 illud

74 960 171 994 Matt.
188 961 230 994 xi.
251 967 278 1004 7.
292 957 429 996 Matth.
445 958 483 996 xi
503 971 582 1008 quo
602 958 738 997 dicitur
757 960 866 1010 quod
885 957 1062 1009 discipuli
1082 956 1249 996 videndo
1269 956 1488 1006 Baptistam
1502 953 1521 974 ’¹‘
1540 967 1619 994 non

74 1006 120 1039 57
138 1014 170 1039 θ’
291 1029 465 1067 exierunt
488 1029 610 1067 videre
628 1030 852 1067 arundinem
873 1033 976 1067 vento
1002 1029 1211 1079 agzstatam,
1232 1027 1322 1079 quia
1341 1027 1481 1065 infixus
1501 1025 1619 1076 lapidi

292 1099 420 1138 Cristo
438 1105 479 1137 ut
498 1099 622 1138 stabili
649 1099 905 1138 fundamento
930 1098 1158 1149 temporalia
1181 1097 1422 1148 parvipendit
1436 1096 1622 1135 z——linum

291 1175 421 1208 autem
453 1170 697 1220 parvulorum
729 1176 881 1209 ortense
912 1170 1098 1209 laboricio
1130 1180 1363 1208 concussum
1395 1167 1464 1206 fuit
1496 1167 1624 1206 Cristo

290 1251 435 1286 carum,
463 1252 552 1278 cum
576 1252 720 1291 sponsa
746 1241 933 1291 quesivit3
958 1242 1087 1279 lanam
1115 1243 1149 1278 el
1168 1241 1286 1278 linum
1307 1245 1348 1277 ut
1367 1238 1506 1277 dicitur
1526 1238 1619 1276 Pro-

73 1314 169 1347 Prov.
184 1313 270 1347 xxxi.
290 1310 508 1349 verbiorum
539 1317 622 1359 310,
652 1317 690 1350 et
718 1311 802 1361 ipse
831 1312 1033 1362 increpans
1076 1310 1276 1361 apostolos
1306 1309 1467 1360 precipit
1497 1309 1621 1347 sinere

73 1367 172 1433 {fatu
188 1400 253 1433 xix·
281 1380 467 1431 parvulos
486 1381 609 1419 venire
628 1381 677 1419 ad
697 1381 835 1431 ipsum,
865 1381 969 1420 unde
1001 1381 1198 1419 venientes
1228 1380 1351 1418 fuerat
1380 1379 1620 1430 amplexatus

290 1457 331 1489 ut
354 1450 490 1490 dicitur
510 1449 632 1490 Marc.
657 1464 717 1500 10,
737 1458 775 1490 et
800 1452 853 1490 sic
877 1463 958 1490 non
986 1458 1043 1490 est
1066 1451 1215 1490 arundo
1241 1450 1420 1489 habitans
1440 1451 1480 1488 in
1499 1449 1620 1489 fundo

290 1522 443 1560 lutoso4
462 1529 500 1560 et
527 1521 677 1560 lubrico
707 1522 775 1561 sed
803 1522 843 1560 in
871 1522 981 1573 aquis
1010 1521 1121 1560 claris
1149 1521 1390 1560 currentibus
1418 1520 1458 1558 in
1491 1520 1619 1570 lapide

74 1594 122 1627 X.
290 1603 443 1642 semper
461 1592 553 1632 vivis
563 1592 717 1631 :-ideo
743 1598 879 1643 gentes
906 1592 1118 1643 specialiter
1142 1592 1306 1641 figerent
1326 1603 1436 1643 spem
1451 1591 1464 1611 ⁵
1484 1591 1525 1629 in
1544 1590 1619 1629 illo.

237 1673 278 1696 20
291 1662 368 1701 Sed
395 1675 476 1702 non
504 1669 562 1702 est
591 1674 678 1713 spes
707 1663 820 1701 nobis
843 1669 884 1701 ut
909 1674 1000 1713 pars
1023 1663 1063 1700 in
1088 1662 1166 1701 filio
1185 1660 1289 1708 Ysai,
1313 1662 1386 1701 nisi
1415 1673 1621 1712 sequamur

70 1748 146 1791 Joh.
164 1748 228 1782 xiv.
242 1748 273 1782 6,
288 1733 371 1772 eius
399 1733 568 1784 vestigia,
589 1734 680 1785 quia
707 1740 749 1771 ut
778 1733 868 1772 dicit
898 1732 981 1772 Ioh.
1007 1745 1066 1780 14.
1122 1732 1210 1783 Ipse
1239 1738 1295 1770 est
1314 1732 1374 1772 via
1402 1745 1471 1783 per
1499 1744 1618 1783 quam
1630 1740 1680 1802 gg
1692 1741 1873 1803 {lsrfflivtgffi

286 1803 412 1841 solum
450 1804 598 1842 venitur
634 1803 684 1842 ad
721 1803 894 1854 patriam.
949 1803 1040 1853 Ipse
1056 1803 1070 1824 ⁶
1107 1810 1165 1842 est
1198 1802 1360 1841 veritas⁷
1397 1815 1466 1854 per
1499 1815 1617 1854 quam
1630 1809 1678 1836 the
1692 1796 1793 1837 Life.'

288 1874 412 1912 solam
438 1874 595 1913 devians
621 1873 816 1913 reducitur
839 1874 889 1912 ad
914 1874 1026 1921 viam,
1046 1879 1084 1912 et
1107 1873 1189 1923 ipse
1212 1879 1270 1912 est
1300 1873 1375 1912 vita
1403 1885 1471 1924 per
1498 1885 1617 1924 quam

289 1944 414 1983 solum
444 1945 639 1995 attingens
660 1944 868 1983 terminum
887 1944 947 1982 vie
972 1944 1138 1995 pascitur
1160 1944 1371 1983 vivificatur
1395 1950 1432 1983 et
1457 1943 1621 1982 finaliter

234 2030 275 2062 25
288 2015 504 2065 premiatur.
561 2014 677 2053 Unde
705 2022 857 2065 oportet
885 2026 1043 2053 omnem
1072 2014 1298 2053 salvandum
1326 2015 1435 2065 sequi
1463 2016 1618 2065 propin-
1632 2019 1689 2045 But
1702 2019 1750 2045 the
1763 2019 1858 2046 horses

1631 2053 1693 2078 that
1707 2062 1781 2079 seem
1795 2059 1868 2080 most

288 2084 402 2135 quius
431 2083 492 2123 vel
518 2084 726 2124 distancius
756 2085 860 2123 illum
887 2085 1038 2132 ducem,
1060 2084 1129 2124 sed
1151 2085 1191 2123 in
1217 2097 1331 2123 curru
1361 2085 1509 2123 domini
1529 2086 1618 2136 equi
1630 2086 1868 2147 ffivssffifglcffiriot

288 2155 354 2206 qui
382 2155 557 2193 videntur
584 2155 774 2206 potissimi
803 2156 1060 2194 retrocedunt.
1129 2155 1278 2194 Cristus
1311 2156 1414 2194 enim
1443 2161 1480 2194 et
1512 2155 1618 2205 leges
1630 2153 1811 2187 a‘ejibbissg·

287 2225 446 2264 ecclesie
482 2226 692 2265 limitarunt
722 2227 862 2265 curatis
893 2226 1085 2277 spirituale
1116 2227 1285 2265 officium
1324 2227 1363 2264 in
1397 2239 1476 2277 quo
1504 2227 1618 2277 plene

288 2295 479 2334 traherent
499 2302 687 2346 quantum
713 2296 916 2335 sufficiunt.
974 2296 1052 2335 Sed
1080 2296 1300 2335 deserentes
1319 2296 1420 2335 hanc
1441 2297 1618 2336 semitam

234 2379 276 2412 30
289 2366 450 2416 aurigati
465 2366 556 2416 iugo
572 2366 688 2405 seculi
700 2367 978 2406 necessitantur
991 2380 1040 2406 ex
1053 2366 1258 2406 dotacione
1270 2379 1424 2406 movere
1442 2368 1618 2418 aurigam

291 2447 499 2474 cesaream.
555 2435 605 2474 Et
618 2436 690 2475 ista
704 2436 929 2484 deelinacio,
944 2444 986 2476 ut
999 2437 1205 2476 dictumest
1225 2438 1264 2475 in
1280 2437 1477 2476 solucione
1493 2438 1617 2487 quarti
1630 2456 1712 2490 They
1724 2460 1789 2483 tum
1801 2457 1873 2484 from

287 2506 516 2555 argumenti,
536 2507 733 2556 perturbat
759 2507 971 2555 ecclesiam,
992 2508 1081 2558 quia
1100 2519 1257 2546 necesse
1276 2514 1334 2546 est
1352 2507 1457 2557 quod
1478 2508 1616 2548 exinde
1629 2490 1758 2550 3¹51ssssss
1761 2491 1813 2550 1ἓᾷ
1826 2529 1856 2551 to

286 2582 523 2626 postponant
550 2576 676 2626 legem
700 2577 847 2616 domini
874 2585 911 2616 et
936 2585 1173 2628 occupentur
1198 2579 1238 2616 in
1264 2578 1424 2617 servicio
1455 2566 1707 2618 Ἐᾶιτοῐιίεεωεἴ
1720 2558 1861 2585 Pharaoh'

77 1452 126 1485 14.

73 1486 173 1519 Mark
182 1497 214 1520 x.
228 1487 276 1521 16.

331 2687 341 2706 ¹
367 2688 534 2720 salvemur
550 2693 613 2731 pro
630 2690 840 2730 salvaremur,
858 2699 889 2723 B.
1008 2691 1020 2710 ²
1043 2691 1083 2723 sit
1099 2696 1165 2733 pro
1186 2691 1258 2732 suit,
1275 2700 1309 2723 A.
1426 2692 1438 2710 ³
1463 2695 1536 2724 sunt
1552 2697 1617 2734 pro

286 2739 373 2779 sivit,
389 2747 423 2771 A.
512 2740 524 2758 4
541 2740 671 2773 lutuoso
687 2747 753 2783 pro
769 2742 888 2781 lutoso,
907 2751 941 2774 A.
1020 2741 1033 2760 ⁵
1049 2743 1190 2784 speciem
1207 2748 1272 2784 pro
1289 2753 1390 2786 spem,
1407 2750 1440 2775 A.
1519 2742 1531 2760 ⁶
1545 2745 1616 2786 ipse

288 2795 336 2822 est
352 2791 405 2824 via
424 2816 430 2824 .
448 2815 457 2824 .
476 2816 482 2824 .
500 2792 650 2833 patriam,
669 2803 730 2825 om.
749 2801 781 2825 A.
886 2792 899 2810 ⁷
923 2794 974 2826 via
991 2798 1056 2836 pro
1072 2794 1206 2835 veritasf
1218 2802 1252 2826 A.
