2051 3299
179 218 261 262 250
876 221 941 254 DE
971 222 1164 256 OFFICIO
1196 223 1351 257 REGIS.

178 322 666 400 3¹Jfff¹ffig³2²0nssssg⁶figuramr³
697 325 800 364 racio
839 338 957 376 quare
990 327 1133 377 Anglia
1170 339 1261 367 cum
1291 327 1427 366 ceteris
1460 328 1587 378 regnis
1620 327 1784 366 racionis

178 398 255 426 land·
300 448 307 453 Ω
456 395 666 434 consimilis
697 395 937 435 descendunt
969 410 992 436 a
1023 410 1185 436 romano
1214 398 1399 448 imperio;
1428 399 1553 448 prima
1584 398 1676 448 quia
1704 410 1785 436 non

178 448 442 516 ἓξέιῖἐξζξὲζζὲ
455 466 544 503 vivit
569 466 826 516 imperialiter,
853 468 949 506 sicut
974 468 1098 507 debet.
1153 469 1249 507 Ideo
1275 468 1418 518 Anglia
1445 481 1526 507 non
1552 469 1666 507 debet
1690 468 1784 507 false

455 536 612 574 obedire
629 536 699 574 sibi
712 544 897 587 tanquam
911 539 1085 588 imperio,
1107 539 1219 577 stulte
1240 539 1430 589 siquidem
1446 546 1483 577 et
1496 540 1634 578 iniuste
1650 546 1785 577 contra

454 607 680 657 religionem
711 620 830 657 quam
854 608 1002 647 Cristus
1032 609 1193 647 instituit
1223 610 1365 648 dotavit
1399 621 1511 648 suum
1543 610 1779 660 episcopum,
1795 625 1814 659 5

453 685 490 716 et
511 684 599 727 post
618 679 787 728 permisit
815 679 1030 718 vecorditer
1058 680 1203 718 elerum
1218 692 1380 730 puerum
1393 686 1431 718 et
1452 678 1471 699 *
1496 680 1951 721 effeminatum2F01.173
1961 688 1998 721 b.

452 749 557 786 iuxta
568 749 788 786 vaticinium
803 748 921 787 Ysaie
934 762 1119 800 usurpare
1136 762 1248 800 super
1266 751 1394 800 ipsum
1414 751 1641 788 dominium.
1665 750 1785 797 Quod

453 831 616 869 regnum
643 832 736 869 ergo
761 820 951 858 sufficiens
980 821 1030 858 ad
1053 821 1310 859 resistendum
1337 821 1436 859 foret
1466 821 1682 859 subiectum
1711 822 1784 859 im-

176 906 200 924 2-
213 896 274 923 The
285 895 422 929 Emperor
454 890 562 940 perio
585 896 665 928 tam
690 890 978 929 misera*biliter
1004 892 1222 941 captivato?
1267 891 1445 930 Secunda
1472 904 1588 930 causa
1614 898 1672 930 est
1694 892 1782 942 quia
1793 903 1838 933 51
1854 903 1891 934 b.

175 931 272 957 allows
285 930 328 955 his
340 930 442 956 wolves

176 971 206 991 to
219 965 333 995 destroy
351 964 407 990 and
453 962 662 1011 imperator
687 961 851 999 nedum3
871 962 1052 1011 permittit
1078 974 1168 1001 suos
1193 969 1365 1012 satrapas
1391 963 1556 1012 spoliare
1582 963 1782 1012 proprium
1796 973 1838 1003 Ρ.

175 1007 278 1030 ravage
291 1006 360 1022 even
374 998 420 1023 be-

175 1030 441 1097 {ffiffstssffossg'rum
453 1039 490 1070 et
505 1032 699 1082 peculiare
721 1032 801 1070 eius
821 1032 1047 1078 dominium,
1064 1033 1111 1071 de
1133 1045 1210 1083 quo
1230 1040 1382 1083 oportet
1402 1046 1490 1071 eum
1507 1046 1588 1071 non
1604 1034 1783 1072 obstante

175 1099 328 1126 d0¹¹²i¹²³0s¹=
452 1103 670 1141 donacione
711 1115 944 1153 quacunque
982 1104 1123 1142 habere
1161 1104 1325 1154 capitale
1369 1104 1596 1150 dominium,
1636 1103 1704 1142 sed
1747 1111 1785 1142 et

452 1174 635 1224 permittit
653 1174 764 1223 lupos
785 1186 875 1212 suos
895 1174 1039 1213 ebulire
1063 1175 1112 1213 ad
1140 1175 1283 1213 insulas
1303 1180 1342 1213 et
1360 1180 1480 1213 terras
1499 1181 1649 1213 exteras
1680 1176 1785 1213 bona

452 1251 490 1283 et
515 1257 701 1295 personas
727 1245 976 1283 simulacione
1003 1246 1171 1284 maxime
1199 1246 1411 1296 proditoria
1434 1245 1630 1296 rapiendo.
1685 1245 1784 1292 Quis

451 1316 566 1363 igitur
604 1322 743 1365 potens
774 1322 812 1354 et
845 1316 1059 1366 dampnum
1093 1317 1344 1355 considerans
1378 1329 1459 1356 non
1492 1317 1682 1355 resisteret
1717 1317 1836 1361 tali15

454 1387 627 1437 imperio,
659 1399 747 1425 curn
778 1387 866 1425 loco
900 1388 1097 1437 regiminis
1130 1388 1337 1437 imperialis
1368 1388 1538 1426 succedit
1567 1399 1783 1426 concensus

175 1465 435 1533 ῐῐὲιὲῗξέἓξὲιξῖξὶρῖ
453 1458 586 1508 rapine
606 1457 826 1496 infernalis?
884 1457 999 1496 Unde
1019 1459 1166 1497 videtur
1186 1459 1328 1497 nostris
1349 1459 1455 1509 quod
1475 1471 1578 1509 papa
1599 1459 1647 1497 sit
1667 1459 1783 1497 nimis

173 1535 286 1595 {¹3³5}ss
297 1533 431 1594 tffaffcigss
455 1535 633 1580 acceptor
652 1541 921 1579 personarum,
942 1530 1232 1568 excomunicari
1258 1530 1449 1568 mandans
1476 1542 1544 1568 eos
1564 1530 1630 1580 qui
1652 1529 1784 1579 legunt

175 1602 231 1628 and
245 1601 388 1635 England·
452 1600 510 1638 vel
530 1600 688 1638 audiunt
707 1600 829 1638 civilia
848 1600 931 1638 iura
950 1600 1126 1647 Parisius,
1148 1608 1186 1639 et
1205 1601 1244 1638 in
1264 1600 1406 1650 Anglia
1433 1601 1499 1639 ubi
1525 1600 1624 1638 foret
1650 1600 1784 1651 pocior

451 1672 555 1710 racio
582 1671 811 1721 prohibendi
840 1672 1046 1710 auctorisat
1074 1672 1133 1710 vel
1163 1672 1352 1710 consentit
1380 1672 1573 1722 episcopis
1606 1671 1673 1722 qui
1700 1672 1781 1710 eius
1795 1679 1837 1702 20

452 1743 696 1781 audicionem
733 1742 939 1781 licenciant
977 1749 1015 1781 et
1053 1743 1258 1793 adaugent.
1317 1742 1394 1781 Sed
1432 1755 1521 1781 cum
1551 1743 1782 1793 principium

452 1814 541 1851 fidei
578 1814 626 1852 sit
668 1813 774 1863 quod
811 1814 986 1863 precise4
1023 1814 1071 1852 de
1109 1821 1217 1853 tanto
1256 1815 1342 1865 quis
1380 1814 1696 1853 excomunicatur
1733 1813 1782 1852 de

453 1891 600 1935 quanto
640 1892 697 1922 est
730 1884 959 1922 inobediens
989 1885 1147 1932 racioni,
1179 1886 1424 1924 manifestum
1457 1892 1515 1923 est
1546 1884 1653 1935 quod
1685 1884 1782 1922 sicut

453 1956 620 1994 Parisius
667 1956 1011 1994 excomunicantur
1058 1956 1182 1994 clerici
1237 1957 1284 1995 de
1332 1956 1564 2006 patrimonio
1614 1955 1782 1995 viventes

452 2027 649 2065 audientes
684 2027 765 2065 iura
802 2027 935 2072 civilia,
967 2027 1021 2065 sic
1059 2028 1402 2065 excomunicantur
1423 2011 1477 2065 ‘in
1508 2027 1651 2076 Anglia
1689 2032 1781 2077 aput
1794 2038 1833 2071 25

452 2098 581 2135 deum.
641 2097 691 2135 Et
729 2098 782 2136 sic
821 2103 972 2147 oportet
1011 2098 1138 2137 dicere
1177 2099 1283 2148 quod
1320 2097 1379 2136 vel
1417 2098 1457 2135 in
1495 2097 1658 2136 Francia
1695 2097 1783 2135 civi-

450 2168 534 2206 liste
581 2169 925 2206 excomunicantur
968 2169 1116 2216 iniuste,
1164 2170 1223 2207 vel
1275 2169 1381 2218 quod
1428 2169 1602 2218 episcopi
1643 2168 1784 2218 Anglie

452 2240 711 2289 approbantes
747 2239 1065 2278 excomunicatos
1103 2240 1151 2278 de
1190 2240 1293 2278 facto
1332 2252 1374 2278 se
1406 2240 1512 2289 ipsos
1550 2246 1587 2277 et
1618 2251 1783 2288 regnum

451 2310 673 2348 intoxicant.
753 2311 802 2349 In
839 2311 933 2349 tales
970 2311 1239 2361 perplexitates
1286 2311 1526 2349 involvuntur
1562 2323 1632 2360 per
1677 2310 1782 2360 leges

452 2382 650 2430 irreligiosi
680 2382 888 2420 sacerdotis
919 2383 1072 2421 cesarei.
1129 2382 1342 2430 Quomodo
1361 2395 1455 2432 ergo
1474 2381 1688 2419 faveremus
1711 2393 1781 2420 suo
1795 2390 1840 2424 G„

177 2462 441 2497 3.Englandist00
453 2453 626 2491 dominio
655 2453 728 2491 hoc
757 2454 911 2503 agenti?
968 2454 1109 2492 Tereia
1132 2466 1248 2493 causa
1277 2454 1402 2503 magis
1426 2453 1583 2503 politica
1601 2459 1658 2491 est
1683 2453 1778 2491 ista:

177 2503 281 2558 εἶτᾞοὲῗ
290 2497 424 2563 ἔτῖἷὲῑξὲε
454 2524 668 2561 dominium
688 2536 802 2574 super
816 2537 936 2574 regna
951 2537 1030 2563 non
1046 2531 1103 2564 est
1117 2525 1330 2574 legitimum
1346 2525 1418 2562 nisi
1437 2530 1593 2574 propter
1608 2524 1780 2573 regimen

454 2595 771 2644 correspondens,
810 2595 877 2633 sed
915 2596 1046 2642 insule,
1085 2596 1302 2634 cuiusmodi
1340 2602 1397 2633 est
1433 2595 1586 2645 Anglia,
1625 2601 1780 2644 propter

454 2666 644 2704 difficilem
664 2666 889 2704 distanciam
910 2679 932 2704 a
951 2668 1077 2716 regnis
1097 2667 1383 2706 mediterraneis
1404 2678 1484 2704 non
1505 2671 1592 2703 sunt
1611 2666 1658 2703 de
1679 2666 1779 2704 facili

497 2764 506 2782 ¹
531 2765 687 2806 signatur,
704 2772 735 2796 B.
836 2764 848 2781 ²
869 2764 1055 2802 effeminati,
1072 2774 1105 2797 Α.
1210 2767 1221 2785 ³
1244 2776 1324 2798 corr.
1344 2766 1430 2797 Edd.
1441 2769 1505 2807 pro
1520 2765 1672 2804 nondum,
1691 2773 1723 2803 A,
1745 2773 1775 2796 Β.

454 2814 464 2832 ¹
488 2815 660 2855 praecipue
677 2819 740 2855 pro
756 2815 909 2856 praecise,
927 2823 956 2846 Β.
