2051 3299
173 194 253 239 150
876 198 942 229 DE
973 198 1166 230 OFFICIO
1200 199 1354 232 REGIS.

168 301 729 375 {gfffssgelffiqidic}scripturarum,
761 303 958 352 quomodo
989 304 1184 353 signanter
1211 310 1405 353 ponuntur
1436 305 1589 342 termini
1618 304 1657 341 in
1685 317 1772 354 pre-

447 373 547 411 dicta
576 373 795 411 auctoritate
821 374 968 422 psalmi.
1025 374 1128 411 Nam
1160 375 1408 412 Canticorum
1428 376 1462 411 vi
1492 375 1580 413 dicit
1608 388 1772 425 sponsus

446 444 493 481 de
523 451 655 481 sancta
684 450 804 482 matre
825 445 985 482 ecclesia
1010 445 1095 482 Una
1114 450 1167 482 est
1184 446 1347 482 columba
1369 459 1468 492 mea;
1498 446 1623 483 clerici
1644 452 1772 484 autem
1785 454 1913 486 Cantie.

447 515 761 564 ewangelisantes
781 522 964 552 vocantur
990 529 1117 565 penne
1141 516 1297 554 ecclesie
1323 517 1412 565 quia
1432 523 1579 565 partem
1599 517 1773 554 laicalem
1785 507 1828 529 Ἦ·
1846 499 1876 529 8·

446 598 622 635 grossam
652 592 688 623 et
715 587 904 624 carnalem
932 587 1197 636 predicacione
1223 587 1422 636 ewangelii
1442 587 1591 625 ferunt1
1611 599 1801 631 sursum.5

447 656 563 694 Unde
582 657 621 694 in
640 657 783 694 visione
804 657 982 695 Ezechiel
1003 658 1129 707 primo
1162 658 1296 695 dicitur
1327 659 1432 708 quod
1445 660 1577 708 facies
1601 671 1723 695 eorum
1743 663 1777 695 et
1788 663 1842 694 Ez.
1859 663 1881 693 i.
1898 672 1946 699 11,
1960 663 1990 694 8.

440 735 558 777 penne
580 741 701 765 eoram
728 733 870 766 extente
889 730 1039 777 desuper
1066 735 1102 766 et
1131 729 1338 767 similitudo
1369 742 1501 766 manus
1528 730 1684 766 hominis
1710 729 1775 766 sub

443 797 600 849 pennis²
631 813 764 845 eorum,
801 800 885 838 etc.³
943 799 1062 845 Quod
1099 800 1257 849 exponit
1296 801 1431 837 beatus
1472 799 1681 849 Gregorius
1720 800 1776 836 vio
1790 809 1925 850 Gregor.

447 870 649 908 moralium
670 871 709 907 in
728 870 825 907 fine:
862 870 964 916 Quid
979 873 1073 907 enim
1087 878 1158 920 per
1168 878 1314 920 pennas
1343 871 1562 907 animalium
1593 872 1672 907 nisi
1693 883 1775 907 con·
1788 853 1872 883 Mor.
1889 852 1963 883 Lm*

448 942 696 991 templaciones
728 949 924 991 possumus
962 943 1078 979 dicere
1114 946 1337 989 sanctorum,
1375 943 1510 990 quibus
1547 943 1601 979 ad
1632 953 1775 978 summa
1791 956 1830 978 10

446 1014 686 1049 transvolant
712 1017 746 1049 et
770 1018 914 1049 terrena
938 1014 1131 1050 deserentes
1150 1026 1221 1049 sese
1241 1015 1279 1050 in
1302 1014 1485 1050 celestibus
1505 1014 1655 1051 librant.
1716 1013 1776 1051 Sic
1792 1026 1830 1055 z.

449 1083 562 1132 igitur
576 1096 644 1132 per
658 1096 806 1133 pennas
821 1083 998 1121 columbe
1015 1084 1186 1133 signatur
1201 1084 1240 1120 in
1256 1084 1525 1133 predicacione
1535 1084 1548 1103 4
1564 1083 1779 1121 secundum

172 1150 422 1211 ξξθνξέἒῑζξῐξξῑθ
450 1154 664 1191 essenciam
694 1154 816 1192 clerus
846 1154 969 1192 Cristi.
1026 1154 1094 1191 Ille
1125 1167 1251 1204 penne
1283 1155 1496 1192 secundum
1518 1154 1778 1204 Augustinum
1792 1164 1878 1205 Aug.
1894 1163 1958 1198 loc,

173 1218 431 1284 {ssssggffissfhe
452 1231 540 1262 sunt
560 1226 804 1274 deargentate
824 1225 979 1274 quando
1001 1233 1088 1263 sunt
1103 1227 1241 1262 divinis
1255 1226 1405 1274 eloquiis
1419 1227 1566 1262 erudite.
1614 1225 1779 1275 Eloquia
1792 1212 1845 1239 ω·

173 1286 408 1346 ῗᾙξᾏζᾶοξζζξθ
452 1309 618 1345 namque
633 1297 779 1334 domini
795 1296 971 1334 dicuntur
984 1296 1133 1345 psalmo
1149 1297 1185 1333 xi
1199 1296 1408 1345 Argentum
1425 1298 1508 1345 igne
1522 1298 1778 1334 examinatum
1792 1309 1844 1339 ΡΞ,
1862 1307 1917 1339 xii,
1935 1307 1965 1339 6,

176 1353 272 1381 Lord:
443 1367 642 1416 probatum
671 1371 705 1403 et
724 1371 927 1416 purgatum
955 1372 1050 1403 terre
1077 1366 1312 1416 seffltuplum.
1370 1368 1497 1413 Tunc,
1526 1368 1659 1418 inquit,
1681 1368 1838 1405 dabz't32
1857 1376 1890 1405 d.

450 1439 618 1475 dominas
648 1439 796 1475 verbum
830 1439 1176 1487 ewangelisantibus
1210 1440 1347 1475 virtute
1380 1439 1496 1475 multa
1530 1439 1561 1475 si
1591 1439 1631 1475 in
1661 1439 1779 1475 duum

450 1509 792 1547 testamentorum⁵
822 1509 1045 1547 auctoritate
1074 1510 1313 1557 quiescentes
1344 1510 1544 1559 utriusque
1577 1510 1779 1559 probacio-

452 1581 565 1618 nibus
607 1581 716 1630 quasi
764 1581 996 1618 dormientes
1043 1581 1203 1629 pacifice
1250 1581 1480 1629 quietantur.
1537 1580 1610 1618 Ale
1652 1587 1781 1618 autem

453 1652 611 1690 ecclesie
627 1665 674 1689 ex
690 1658 795 1702 parte
817 1652 918 1689 dorsi
939 1653 1034 1688 inter
1053 1653 1225 1701 scapulas
1240 1652 1479 1702 originantur
1495 1665 1517 1689 a
1532 1652 1659 1698 corde,
1676 1653 1781 1702 quod
1798 1666 1837 1688 20

453 1723 667 1773 significat6
695 1723 929 1772 sapienciam
948 1729 986 1759 et
1005 1723 1203 1760 caritatem
1232 1723 1389 1760 ecclesie
1420 1735 1443 1760 a
1471 1723 1609 1770 Cristo,
1632 1724 1697 1773 qui
1726 1730 1783 1761 est

453 1794 540 1831 fons
573 1794 775 1843 sapiencie,
798 1793 966 1831 derivari.
1025 1793 1129 1831 Nam
1158 1806 1257 1832 onus
1279 1793 1405 1839 Cristi,
1426 1794 1533 1843 quod
1562 1794 1602 1831 in
1631 1794 1784 1832 duobus

453 1865 640 1914 preceptis
677 1865 842 1902 caritatis
879 1865 1066 1913 impletur,
1102 1870 1159 1902 est
1188 1865 1268 1901 leve
1299 1865 1444 1901 amanti
1474 1877 1562 1902 cum
1591 1871 1783 1914 gratanter

453 1936 622 1981 moritur,
644 1935 749 1984 quod
769 1943 825 1973 est
846 1935 1030 1972 dormicio
1052 1935 1091 1972 in
1110 1935 1181 1971 hiis
1202 1935 1321 1972 cleris.
1381 1934 1514 1972 Clerus
1535 1936 1637 1972 enim
1658 1936 1783 1984 signat

455 2007 667 2044 secundum
688 2006 951 2055 Augustinum
972 2006 1048 2043 duo
1070 2012 1298 2043 testamenta
1319 2006 1376 2043 vel
1406 2006 1483 2043 duo
1513 2013 1690 2056 precepta
1719 2013 1783 2044 aut
1797 2017 1835 2049 25

455 2078 551 2115 duas
572 2077 799 2114 hereditates
819 2089 866 2114 ex
887 2077 941 2114 eis
961 2076 1163 2114 causaliter
1186 2076 1451 2125 procedentes.
1510 2076 1654 2115 Omnia
1682 2078 1784 2115 enim

456 2149 527 2186 ista
564 2148 635 2185 tria
672 2148 916 2197 predicantur
954 2147 1001 2184 de
1049 2148 1151 2185 clero
1198 2147 1410 2184 secundum
1449 2147 1597 2185 diversa
1643 2160 1785 2197 genera

455 2219 688 2268 predicandi.
746 2218 957 2264 Hereditas,
996 2219 1129 2268 inquit,
1171 2220 1299 2255 veteris
1337 2220 1542 2254 testamenti
1575 2220 1614 2254 in
1652 2219 1784 2256 umbra
1798 2229 1882 2260 1bid.
1901 2239 1958 2270 op,

445 2291 663 2340 figurativa
696 2290 906 2326 hereditatis
924 2289 1064 2338 future
1096 2293 1156 2334 est,
1190 2294 1333 2325 terrena
1352 2290 1527 2338 felicitas
1540 2303 1559 2332 ,·
1602 2290 1783 2327 hereditas
1796 2274 1849 2305 cit.
1866 2276 1881 2311 ἓ
1897 2282 1948 2304 ²⁰·

458 2374 542 2399 vero
580 2361 670 2397 novi
695 2361 899 2397 testamenti
931 2364 984 2397 est
1017 2364 1140 2396 eterna
1174 2361 1445 2397 immortalitas.
1521 2360 1572 2397 Et
1600 2361 1654 2398 sic
1693 2374 1779 2398 cum
1796 2380 1837 2411 30

461 2433 563 2470 idem
595 2432 641 2469 sit
675 2431 885 2469 secundum
925 2431 1073 2469 Grecos
1112 2431 1277 2468 dormire
1314 2432 1408 2468 inter
1439 2432 1569 2468 medios
1599 2433 1712 2469 cleros
1748 2440 1785 2470 et

458 2503 698 2541 secundum⁷
731 2515 803 2540 nos
841 2502 1006 2540 dormire
1044 2503 1084 2539 in
1121 2502 1250 2539 medio
1288 2502 1487 2548 clerorum,
1523 2503 1617 2540 sicut
1649 2504 1786 2552 probat

457 2574 637 2623 exemplo
658 2573 871 2611 Grecorum
893 2573 1102 2622 multiplici,
1120 2578 1222 2621 patet
1243 2573 1348 2622 quod
1370 2585 1496 2622 penne
1512 2574 1671 2611 ecclesie
1693 2580 1782 2612 tunc

503 2692 514 2711 ¹
530 2692 655 2723 fuerunt
672 2697 734 2733 pro
751 2692 865 2729 ferunt,
883 2700 915 2722 Α.
1005 2691 1018 2708 ²
1035 2691 1147 2723 subtus
1164 2701 1298 2731 pennas,
1316 2699 1351 2729 A,
1372 2698 1402 2722 B.
1479 2692 1490 2708 ³
1507 2696 1574 2723 erat
1592 2697 1655 2732 pro
1672 2696 1731 2724 ete.
1750 2700 1783 2722 A.

458 2745 469 2762 ⁴
491 2744 589 2775 verba
612 2744 644 2774 in
668 2744 893 2785 predicacione
916 2742 973 2778 bis,
1000 2751 1033 2773 Α.
1155 2741 1168 2760 ⁵
1191 2746 1395 2780 testamenta,
1421 2751 1453 2773 A.
1575 2742 1586 2759 ⁶
1608 2744 1716 2784 signat
1750 2753 1783 2775 A.

459 2795 471 2812 ⁷
494 2806 601 2827 servos
618 2800 682 2836 pro
698 2795 875 2827 secundum
893 2805 961 2834 nos,
980 2803 1013 2825 Α.
