2051 3299
201 218 283 261 234

197 327 334 354 condemn
348 334 379 352 so

199 361 304 392 utterly
317 369 348 386 as
362 358 447 386 God?

197 394 254 419 and
266 402 383 424 answer,

200 429 207 440 ‘
220 427 276 452 Y&
285 426 291 436 ’
304 426 310 452 1

198 825 255 850 But
268 823 337 862 sucli
349 832 385 849 an

198 866 306 895 answer
318 866 341 883 is
354 865 423 890 pure

199 899 305 923 ravmg.

201 1387 242 1412 As
256 1390 285 1411 to
298 1392 406 1410 excom-

202 1418 373 1445 munication
393 1417 435 1443 sor

202 1451 399 1478 disobedience
412 1455 442 1477 to

201 1485 307 1511 human
320 1483 412 1510 ordin-

200 1527 292 1549 ances,
313 1516 407 1543 obedi-

196 1561 268 1578 ence
280 1556 309 1577 to
322 1551 400 1576 these
414 1549 437 1576 is

201 1585 269 1617 only
281 1585 336 1611 due
348 1593 379 1610 so
392 1584 435 1609 far

200 1627 232 1644 as
246 1618 314 1650 they
323 1617 433 1643 declare

201 1652 249 1678 the
262 1651 317 1677 will
330 1651 358 1677 οἱ
372 1650 445 1677 God.

207 2581 284 2607 How
298 2580 364 2606 then
378 2589 426 2606 are

205 2614 310 2640 human
324 2622 399 2640 com-

207 2648 306 2673 mands
318 2646 430 2673 usesul?

855 213 919 244 DE
952 213 1144 245 OFFICIO
1175 213 1331 245 REGIS.

476 316 664 366 profunde
692 316 987 354 excomunicare
1008 322 1050 354 ut
1069 316 1177 354 deus.
1235 315 1399 365 Oportet
1428 316 1530 353 enim
1551 315 1640 353 dare
1660 314 1801 364 gradus

476 386 865 432 excomunicacionis‚
898 393 939 424 ut
973 392 1077 436 patet
1110 386 1158 424 de
1190 386 1559 424 excomunicacione
1596 386 1731 422 maiori
1764 391 1801 422 et

475 458 626 495 minori.
700 456 750 494 Et
787 457 933 495 videtur
970 457 1074 506 quod
1119 457 1182 504 sic,
1222 457 1312 506 quia
1358 456 1408 494 ad
1454 468 1613 494 omnem
1659 466 1801 505 penam

479 535 705 577 perpetuam
743 528 793 565 ad
827 540 945 577 quarn
979 528 1073 565 deus
1104 533 1232 577 potest
1269 527 1566 564 excomunicare
1603 525 1802 564 hominem

478 604 605 648 potest
626 609 737 647 papa,
760 598 856 635 sicut
877 598 1033 635 faciliter
1054 598 1290 636 convincitur
1309 596 1564 646 falsigraphus
1583 595 1802 634 concedens
1816 609 1834 641 5

479 669 714 719 oppositum.
770 667 916 706 Ymmo
955 669 985 705 si
1027 680 1109 705 non
1147 668 1322 706 credatur
1359 679 1459 716 pape
1497 665 1804 704 anatematisanti

480 739 679 777 hominem
700 740 839 776 eternis
860 739 1026 788 ignibus,
1047 738 1105 776 vel
1125 745 1312 788 quantum
1342 738 1435 775 deus
1455 742 1593 786 potest,
1614 748 1682 785 per
1700 736 1803 774 idem

482 822 683 860 nunquam
712 810 928 847 crederetur
957 809 1039 846 sibi.
1099 808 1176 846 Sed
1205 808 1453 846 deliramenta
1483 814 1571 845 sunt
1601 807 1683 852 ista,
1715 806 1805 856 quia

481 882 576 919 deus
596 880 861 918 excomunicat
880 880 921 916 in
941 880 1071 928 aliquo
1091 892 1229 928 genere
1260 879 1309 916 ad
1339 879 1445 916 cuius
1474 878 1621 914 nullum
1641 876 1805 926 gradum

482 963 582 1001 papa
603 956 729 1000 potest
749 950 947 999 attingere,
969 962 1059 987 cum
1079 950 1126 987 sit
1145 949 1271 986 nudus
1290 948 1556 998 promulgator
1580 946 1803 985 excomuni-
1820 957 1861 980 10

482 1021 652 1059 eacionis
676 1020 814 1066 divine,
838 1026 873 1057 et
904 1032 993 1068 sepe
1022 1025 1165 1057 temere
1193 1019 1333 1056 falsum
1364 1018 1462 1055 dicit.
1517 1018 1568 1055 Et
1590 1018 1641 1055 ita
1659 1016 1807 1054 videtur

479 1092 608 1129 omnis
650 1091 965 1129 excomunicacio
1013 1090 1184 1127 humana
1234 1086 1363 1141 [nihil]
1412 1089 1485 1126 nisi
1532 1086 1807 1126 denuncciacio

484 1161 861 1200 excomunicacionis
892 1161 1029 1198 divine.
1086 1160 1137 1197 Et
1165 1160 1217 1197 ita
1246 1166 1334 1197 sunt
1363 1159 1505 1208 gradus
1534 1157 1806 1196 excomunica-

481 1233 637 1271 cionum
660 1231 677 1251 *
702 1231 916 1269 secundum
941 1231 1082 1280 gradus
1102 1230 1468 1269 inobedienciarum.
1526 1229 1621 1268 Ideo
1650 1239 1805 1266 neeesse
1818 1233 1979 1264 Fol.169
1992 1241 2024 1263 a.

478 1310 535 1341 est
555 1314 791 1352 cognoscere
809 1302 1009 1339 materiam
1030 1301 1254 1339 obediencie
1266 1299 1290 1338 1.
1822 1300 1865 1333 15-

535 1377 566 1416 Ἣ
589 1372 718 1422 quoad
750 1371 834 1409 212²
855 1378 1045 1421 punctum
1079 1371 1214 1409 dicitur
1241 1370 1360 1417 Quod
1389 1370 1626 1408 contrarians
1655 1368 1808 1407 ordina-

482 1444 585 1482 cioni
605 1444 786 1489 humane,
807 1455 897 1480 curn
922 1442 968 1479 sit
1000 1441 1203 1479 racionalis
1234 1448 1271 1479 et
1303 1441 1440 1479 debeat
1471 1440 1570 1478 sibi³
1590 1452 1674 1478 esse
1704 1444 1807 1485 nota,
1858 1429 1865 1437 ”

484 1527 562 1552 non
594 1521 652 1552 est
681 1526 728 1551 eo
755 1512 1088 1551 excomunicacior
1119 1518 1210 1561 aput
1242 1511 1368 1558 deum,
1397 1511 1466 1550 sed
1496 1510 1810 1549 excomunicatus

481 1585 579 1623 foret
610 1584 949 1630 contraveniendo,
971 1583 1058 1620 licet
1089 1594 1205 1620 nemo
1234 1582 1325 1620 citra
1355 1582 1525 1620 Cristum
1555 1581 1679 1619 taliter
1709 1579 1810 1619 ordi-

482 1662 621 1694 nasset.
677 1654 794 1692 Unde
814 1654 962 1691 videtur
982 1653 1088 1703 quod
1109 1653 1235 1691 solum
1259 1652 1417 1690 obedire
1447 1652 1560 1690 debet
1589 1650 1810 1689 affirmative
1824 1661 1869 1683 20-

483 1725 675 1763 mandatis
694 1725 875 1774 prepositi
896 1724 942 1761 de
963 1731 1111 1773 quanto
1139 1724 1301 1773 precipit
1320 1723 1557 1760 voluntatem
1578 1721 1649 1759 dei.
1707 1720 1811 1758 Nam

484 1797 559 1834 deo
597 1796 712 1834 debet
748 1795 922 1845 precise4
960 1794 1105 1832 obediri
1144 1794 1193 1831 ad
1232 1800 1393 1831 tantum.
1469 1791 1681 1840 Quomodo
1720 1802 1815 1840 ergo

488 1866 710 1905 obediretur
730 1865 878 1903 homini
899 1865 986 1915 plus
1006 1876 1123 1914 quam
1142 1864 1255 1902 Deo?
1313 1863 1586 1902 Obediendum
1611 1868 1667 1900 est
1687 1862 1815 1910 itaque

483 1937 635 1976 homini
674 1937 863 1985 negative,
899 1942 935 1973 et
968 1936 1021 1973 ita
1058 1935 1273 1973 secundum
1308 1935 1424 1972 aliam
1461 1934 1658 1972 racionem
1697 1943 1815 1981 quam

488 2008 706 2046 obediretur
740 2006 947 2044 inmediate
981 2006 1067 2044 deo.
1125 2005 1219 2043 Non
1252 2012 1382 2043 tamen
1415 2004 1662 2053 multiplicius
1696 2014 1815 2052 quam
1828 2009 1870 2042 25

489 2079 575 2126 deo,
619 2089 708 2115 curn
748 2077 877 2115 omnis
916 2076 1141 2114 obediencia
1179 2076 1292 2113 debet
1330 2075 1457 2113 referri
1495 2074 1544 2112 ad
1582 2075 1709 2120 deum,
1744 2085 1816 2110 nec

485 2161 672 2199 umquam
720 2148 835 2186 debet
882 2147 1065 2185 obedire⁵
1112 2146 1260 2184 homini
1306 2146 1490 2195 negative,
1538 2145 1610 2182 nisi
1657 2143 1818 2193 quando·

487 2219 738 2268 cognoscitur
774 2217 881 2267 quod
928 2218 1023 2255 deus
1060 2217 1124 2255 wlt
1163 2216 1386 2266 oppositum
1423 2215 1595 2253 mandati
1637 2214 1816 2252 hominis.

484 2290 602 2327 Tune
625 2290 728 2327 enim
749 2288 998 2337 cognoscitur
1027 2287 1133 2337 quod
1163 2287 1257 2324 deus
1287 2287 1446 2324 mandat
1465 2286 1505 2323 in
1519 2298 1572 2326 eo
1594 2285 1817 2335 oppositum

486 2366 524 2398 et
549 2371 638 2398 cum
658 2371 780 2396 unum
800 2358 1069 2407 oppositorum
1090 2358 1180 2395 dicit
1208 2357 1398 2407 reliquum
1418 2357 1499 2406 ipse
1521 2356 1611 2393 dicit
1634 2355 1815 2392 indirecte
1827 2357 1870 2389 30

487 2431 592 2480 quod
621 2436 799 2479 pareatur
827 2429 866 2466 in
894 2429 976 2466 eius
1006 2429 1197 2478 opposito,
1228 2435 1265 2466 et
1291 2428 1344 2465 sic
1374 2439 1454 2465 non
1480 2433 1535 2464 est
1555 2425 1817 2464 obediendum

490 2500 639 2538 homini
686 2506 819 2538 contra
857 2499 1095 2537 voluntatem
1139 2498 1211 2535 dei.
1270 2497 1389 2544 Quod
1427 2497 1457 2534 si
1496 2497 1633 2534 debeat
1671 2495 1817 2533 obediri

490 2576 641 2619 oportet
670 2570 776 2618 quod
797 2569 891 2606 deus
913 2569 1000 2606 velit
1020 2576 1061 2606 ut
1082 2569 1134 2606 sic
1155 2568 1366 2606 obediatur.
1422 2567 1473 2604 Et
1493 2567 1523 2604 si
1543 2566 1713 2615 queritur
1727 2564 1820 2614 quid

489 2641 587 2678 valet
620 2646 846 2690 preceptum
883 2639 1051 2676 hominis
1082 2639 1140 2676 vel
1174 2638 1402 2675 obediencia
1433 2637 1504 2674 sibi
1538 2636 1649 2681 facta,
1684 2636 1820 2673 dicitur

532 2734 543 2752 ¹
567 2734 607 2765 de
625 2734 828 2772 obediencia,
845 2733 883 2763 z‘n
899 2743 1003 2774 marg.
1022 2741 1055 2764 A.
1160 2732 1172 2749 ²
1198 2738 1254 2771 3¹¹²,
1271 2742 1302 2764 A.
1407 2731 1418 2749 ³
1442 2741 1510 2763 esse
1525 2731 1596 2767 sibi,
1613 2729 1679 2762 ord.
1699 2729 1767 2761 inv.
1786 2737 1817 2760 Β.

487 2785 497 2802 ⁴
522 2789 571 2825 pe,
590 2793 619 2816 B.
710 2785 721 2802 ⁵
746 2785 889 2823 obedire,
907 2793 939 2815 A.
