<?xml version="1.0" encoding="UTF-8"?>
<!DOCTYPE html PUBLIC "-//W3C//DTD XHTML 1.0 Transitional//EN"
    "http://www.w3.org/TR/xhtml1/DTD/xhtml1-transitional.dtd">
<html xmlns="http://www.w3.org/1999/xhtml" xml:lang="en" lang="en">
 <head>
  <title>
</title>
<meta http-equiv="Content-Type" content="text/html;charset=utf-8" />
  <meta name='ocr-system' content='tesseract 3.04.00' />
  <meta name='ocr-capabilities' content='ocr_page ocr_carea ocr_par ocr_line ocrx_word'/>
</head>
<body>
  <div class='ocr_page' id='page_1' title='image "./tractatusdeoffic00wycl_0268.png"; bbox 0 0 2051 3299; ppageno 0'>
   <div class='ocr_carea' id='block_1_1' title="bbox 217 1944 470 2112">
    <p class='ocr_par' dir='ltr' id='par_1_1' title="bbox 217 1944 470 2112">
     <span class='ocr_line' id='line_1_1' title="bbox 219 1944 454 1973; baseline -0.017 0"><span class='ocrx_word' id='word_1_1' title='bbox 219 1944 454 1973; x_wconf 86' lang='lat' dir='ltr'>Excommunica-</span> 
     </span>
     <span class='ocr_line' id='line_1_2' title="bbox 219 1977 470 2010; baseline -0.012 -5"><span class='ocrx_word' id='word_1_2' title='bbox 219 1980 278 2006; x_wconf 87' lang='lat' dir='ltr'>tion</span> <span class='ocrx_word' id='word_1_3' title='bbox 292 1979 381 2010; x_wconf 87' lang='lat' dir='ltr'>ought</span> <span class='ocrx_word' id='word_1_4' title='bbox 394 1984 422 2004; x_wconf 93' lang='lat' dir='ltr'>to</span> <span class='ocrx_word' id='word_1_5' title='bbox 435 1977 470 2003; x_wconf 87' lang='lat' dir='ltr'>be</span> 
     </span>
     <span class='ocr_line' id='line_1_3' title="bbox 220 2011 425 2039; baseline -0.015 0"><span class='ocrx_word' id='word_1_6' title='bbox 220 2012 347 2039; x_wconf 83' lang='lat' dir='ltr'>received</span> <span class='ocrx_word' id='word_1_7' title='bbox 358 2011 425 2037; x_wconf 88' lang='lat' dir='ltr'>with</span> 
     </span>
     <span class='ocr_line' id='line_1_4' title="bbox 217 2045 437 2079; baseline -0.009 -7"><span class='ocrx_word' id='word_1_8' title='bbox 217 2046 277 2079; x_wconf 78' lang='lat' dir='ltr'>joy,</span> <span class='ocrx_word' id='word_1_9' title='bbox 292 2054 323 2071; x_wconf 83' lang='lat' dir='ltr'>as</span> <span class='ocrx_word' id='word_1_10' title='bbox 336 2045 377 2072; x_wconf 89' lang='lat' dir='ltr'>for</span> <span class='ocrx_word' id='word_1_11' title='bbox 389 2045 437 2070; x_wconf 88' lang='lat' dir='ltr'>the</span> 
     </span>
     <span class='ocr_line' id='line_1_5' title="bbox 220 2078 450 2112; baseline -0.004 -6"><span class='ocrx_word' id='word_1_12' title='bbox 220 2079 359 2106; x_wconf 83' lang='lat' dir='ltr'>sufferer&#39;s</span> <span class='ocrx_word' id='word_1_13' title='bbox 368 2078 450 2112; x_wconf 87' lang='lat' dir='ltr'>good.</span> 
     </span>
    </p>
   </div>
   <div class='ocr_carea' id='block_1_2' title="bbox 225 2775 452 2834">
    <p class='ocr_par' dir='ltr' id='par_1_2' title="bbox 225 2775 452 2834">
     <span class='ocr_line' id='line_1_6' title="bbox 225 2775 404 2800; baseline -0.006 0"><span class='ocrx_word' id='word_1_14' title='bbox 225 2776 265 2800; x_wconf 77' lang='lat' dir='ltr'>As</span> <span class='ocrx_word' id='word_1_15' title='bbox 278 2775 318 2800; x_wconf 85' lang='lat' dir='ltr'>sor</span> <span class='ocrx_word' id='word_1_16' title='bbox 332 2783 404 2799; x_wconf 90' lang='lat' dir='ltr'>mere</span> 
     </span>
     <span class='ocr_line' id='line_1_7' title="bbox 226 2810 452 2834; baseline -0.009 0"><span class='ocrx_word' id='word_1_17' title='bbox 226 2810 329 2834; x_wconf 84' lang='lat' dir='ltr'>human</span> <span class='ocrx_word' id='word_1_18' title='bbox 343 2816 452 2833; x_wconf 87' lang='lat' dir='ltr'>excom-</span> 
     </span>
    </p>
   </div>
   <div class='ocr_carea' id='block_1_3' title="bbox 913 208 1389 241">
    <p class='ocr_par' dir='ltr' id='par_1_3' title="bbox 913 208 1389 241">
     <span class='ocr_line' id='line_1_8' title="bbox 913 208 1389 241; baseline 0.008 -4"><span class='ocrx_word' id='word_1_19' title='bbox 913 208 977 238; x_wconf 93' lang='lat' dir='ltr'>DE</span> <span class='ocrx_word' id='word_1_20' title='bbox 1009 208 1202 240; x_wconf 87' lang='lat' dir='ltr'>OFFICIO</span> <span class='ocrx_word' id='word_1_21' title='bbox 1235 209 1389 241; x_wconf 87' lang='lat' dir='ltr'>REGIS.</span> 
     </span>
    </p>
   </div>
   <div class='ocr_carea' id='block_1_4' title="bbox 496 310 1934 1624">
    <p class='ocr_par' dir='ltr' id='par_1_4' title="bbox 496 310 1878 1488">
     <span class='ocr_line' id='line_1_9' title="bbox 497 310 1821 364; baseline 0.003 -18"><span class='ocrx_word' id='word_1_22' title='bbox 497 310 647 347; x_wconf 84' lang='lat' dir='ltr'>assistet</span> <span class='ocrx_word' id='word_1_23' title='bbox 678 311 747 348; x_wconf 86' lang='lat' dir='ltr'>sibi</span> <span class='ocrx_word' id='word_1_24' title='bbox 778 311 1014 360; x_wconf 86' lang='lat' dir='ltr'>perficiendo</span> <span class='ocrx_word' id='word_1_25' title='bbox 1045 324 1154 350; x_wconf 85' lang='lat' dir='ltr'>suam</span> <span class='ocrx_word' id='word_1_26' title='bbox 1186 315 1443 360; x_wconf 71' lang='lat' dir='ltr'>sentenciam5</span> <span class='ocrx_word' id='word_1_27' title='bbox 1485 314 1575 364; x_wconf 88' lang='lat' dir='ltr'>quia</span> <span class='ocrx_word' id='word_1_28' title='bbox 1603 320 1693 352; x_wconf 90' lang='lat' dir='ltr'>tunc</span> <span class='ocrx_word' id='word_1_29' title='bbox 1724 313 1821 351; x_wconf 89' lang='lat' dir='ltr'>foret</span> 
     </span>
     <span class='ocr_line' id='line_1_10' title="bbox 496 381 1820 433; baseline 0.002 -16"><span class='ocrx_word' id='word_1_30' title='bbox 496 381 798 419; x_wconf 86' lang='lat' dir='ltr'>excomunicans</span> <span class='ocrx_word' id='word_1_31' title='bbox 829 382 914 431; x_wconf 89' lang='lat' dir='ltr'>plus</span> <span class='ocrx_word' id='word_1_32' title='bbox 944 395 1061 432; x_wconf 84' lang='lat' dir='ltr'>quam</span> <span class='ocrx_word' id='word_1_33' title='bbox 1093 383 1196 420; x_wconf 86' lang='lat' dir='ltr'>deus.</span> <span class='ocrx_word' id='word_1_34' title='bbox 1254 383 1349 422; x_wconf 90' lang='lat' dir='ltr'>Ideo</span> <span class='ocrx_word' id='word_1_35' title='bbox 1376 384 1465 422; x_wconf 87' lang='lat' dir='ltr'>dicit</span> <span class='ocrx_word' id='word_1_36' title='bbox 1491 397 1604 433; x_wconf 88' lang='lat' dir='ltr'>papa,</span> <span class='ocrx_word' id='word_1_37' title='bbox 1624 391 1666 422; x_wconf 89' lang='lat' dir='ltr'>ut</span> <span class='ocrx_word' id='word_1_38' title='bbox 1695 395 1820 433; x_wconf 90' lang='lat' dir='ltr'>supra,</span> 
     </span>
     <span class='ocr_line' id='line_1_11' title="bbox 497 450 1821 501; baseline 0.003 -15"><span class='ocrx_word' id='word_1_39' title='bbox 497 450 601 499; x_wconf 87' lang='lat' dir='ltr'>quod</span> <span class='ocrx_word' id='word_1_40' title='bbox 621 450 740 489; x_wconf 91' lang='lat' dir='ltr'>homo</span> <span class='ocrx_word' id='word_1_41' title='bbox 770 464 859 501; x_wconf 92' lang='lat' dir='ltr'>sepe</span> <span class='ocrx_word' id='word_1_42' title='bbox 889 454 1158 491; x_wconf 83' lang='lat' dir='ltr'>excomunicat</span> <span class='ocrx_word' id='word_1_43' title='bbox 1177 459 1214 491; x_wconf 87' lang='lat' dir='ltr'>et</span> <span class='ocrx_word' id='word_1_44' title='bbox 1234 454 1329 492; x_wconf 89' lang='lat' dir='ltr'>deus</span> <span class='ocrx_word' id='word_1_45' title='bbox 1350 467 1430 492; x_wconf 89' lang='lat' dir='ltr'>non</span> <span class='ocrx_word' id='word_1_46' title='bbox 1449 455 1732 500; x_wconf 85' lang='lat' dir='ltr'>excomunicat,</span> <span class='ocrx_word' id='word_1_47' title='bbox 1754 453 1821 491; x_wconf 88' lang='lat' dir='ltr'>sed</span> 
     </span>
     <span class='ocr_line' id='line_1_12' title="bbox 498 520 1822 574; baseline 0.002 -17"><span class='ocrx_word' id='word_1_48' title='bbox 498 520 681 567; x_wconf 69' lang='lat' dir='ltr'>absolvit,</span> <span class='ocrx_word' id='word_1_49' title='bbox 711 527 747 559; x_wconf 88' lang='lat' dir='ltr'>et</span> <span class='ocrx_word' id='word_1_50' title='bbox 771 533 862 571; x_wconf 82' lang='lat' dir='ltr'><strong>sepe</strong></span> <span class='ocrx_word' id='word_1_51' title='bbox 895 523 1055 572; x_wconf 87' lang='lat' dir='ltr'>contigit</span> <span class='ocrx_word' id='word_1_52' title='bbox 1086 524 1329 570; x_wconf 90' lang='lat' dir='ltr'>contrarium,</span> <span class='ocrx_word' id='word_1_53' title='bbox 1352 525 1458 574; x_wconf 92' lang='lat' dir='ltr'>quod</span> <span class='ocrx_word' id='word_1_54' title='bbox 1488 525 1624 562; x_wconf 90' lang='lat' dir='ltr'>melius</span> <span class='ocrx_word' id='word_1_55' title='bbox 1655 535 1822 573; x_wconf 85' lang='lat' dir='ltr'>cognos-</span> 
     </span>
     <span class='ocr_line' id='line_1_13' title="bbox 497 590 1852 644; baseline 0.004 -16"><span class='ocrx_word' id='word_1_56' title='bbox 497 590 593 628; x_wconf 84' lang='lat' dir='ltr'><strong>citur</strong></span> <span class='ocrx_word' id='word_1_57' title='bbox 630 603 677 628; x_wconf 85' lang='lat' dir='ltr'>ex</span> <span class='ocrx_word' id='word_1_58' title='bbox 713 593 956 630; x_wconf 84' lang='lat' dir='ltr'>consciencia</span> <span class='ocrx_word' id='word_1_59' title='bbox 991 594 1293 632; x_wconf 83' lang='lat' dir='ltr'>excomunicati:</span> <span class='ocrx_word' id='word_1_60' title='bbox 1340 595 1430 644; x_wconf 90' lang='lat' dir='ltr'>quia</span> <span class='ocrx_word' id='word_1_61' title='bbox 1463 595 1678 632; x_wconf 88' lang='lat' dir='ltr'>secundum</span> <span class='ocrx_word' id='word_1_62' title='bbox 1716 593 1852 643; x_wconf 90' lang='lat' dir='ltr'>quod5</span> 
     </span>
     <span class='ocr_line' id='line_1_14' title="bbox 497 662 1822 712; baseline 0.002 -14"><span class='ocrx_word' id='word_1_63' title='bbox 497 667 630 709; x_wconf 89' lang='lat' dir='ltr'>peccat</span> <span class='ocrx_word' id='word_1_64' title='bbox 657 662 716 699; x_wconf 89' lang='lat' dir='ltr'>vel</span> <span class='ocrx_word' id='word_1_65' title='bbox 747 674 828 699; x_wconf 89' lang='lat' dir='ltr'>non</span> <span class='ocrx_word' id='word_1_66' title='bbox 858 670 989 712; x_wconf 89' lang='lat' dir='ltr'>peccat</span> <span class='ocrx_word' id='word_1_67' title='bbox 1019 664 1057 700; x_wconf 90' lang='lat' dir='ltr'>in</span> <span class='ocrx_word' id='word_1_68' title='bbox 1087 664 1201 701; x_wconf 91' lang='lat' dir='ltr'>deum</span> <span class='ocrx_word' id='word_1_69' title='bbox 1233 664 1326 701; x_wconf 91' lang='lat' dir='ltr'>deus</span> <span class='ocrx_word' id='word_1_70' title='bbox 1352 677 1440 702; x_wconf 90' lang='lat' dir='ltr'>eum</span> <span class='ocrx_word' id='word_1_71' title='bbox 1468 665 1736 702; x_wconf 86' lang='lat' dir='ltr'>excomunicat</span> <span class='ocrx_word' id='word_1_72' title='bbox 1762 663 1822 700; x_wconf 92' lang='lat' dir='ltr'>vel</span> 
     </span>
     <span class='ocr_line' id='line_1_15' title="bbox 498 731 1823 780; baseline 0.002 -12"><span class='ocrx_word' id='word_1_73' title='bbox 498 731 673 769; x_wconf 89' lang='lat' dir='ltr'>absolvit.</span> <span class='ocrx_word' id='word_1_74' title='bbox 730 732 856 779; x_wconf 83' lang='lat' dir='ltr'>Unde,</span> <span class='ocrx_word' id='word_1_75' title='bbox 879 745 928 770; x_wconf 89' lang='lat' dir='ltr'>ne</span> <span class='ocrx_word' id='word_1_76' title='bbox 958 735 1272 772; x_wconf 84' lang='lat' dir='ltr'>excomunicator</span> <span class='ocrx_word' id='word_1_77' title='bbox 1302 741 1444 772; x_wconf 88' lang='lat' dir='ltr'>temere</span> <span class='ocrx_word' id='word_1_78' title='bbox 1475 735 1624 780; x_wconf 89' lang='lat' dir='ltr'>iudicet,</span> <span class='ocrx_word' id='word_1_79' title='bbox 1652 733 1823 772; x_wconf 87' lang='lat' dir='ltr'>condidit</span> 
     </span>
     <span class='ocr_line' id='line_1_16' title="bbox 498 801 1823 854; baseline 0.002 -16"><span class='ocrx_word' id='word_1_80' title='bbox 498 801 590 838; x_wconf 91' lang='lat' dir='ltr'>deus</span> <span class='ocrx_word' id='word_1_81' title='bbox 624 802 766 852; x_wconf 81' lang='lat' dir='ltr'>duplex</span> <span class='ocrx_word' id='word_1_82' title='bbox 801 809 1074 841; x_wconf 89' lang='lat' dir='ltr'>testamentum</span> <span class='ocrx_word' id='word_1_83' title='bbox 1112 817 1180 842; x_wconf 90' lang='lat' dir='ltr'>sue</span> <span class='ocrx_word' id='word_1_84' title='bbox 1214 805 1344 843; x_wconf 88' lang='lat' dir='ltr'>ultime</span> <span class='ocrx_word' id='word_1_85' title='bbox 1378 805 1593 851; x_wconf 87' lang='lat' dir='ltr'>voluntatis,</span> <span class='ocrx_word' id='word_1_86' title='bbox 1628 805 1682 842; x_wconf 87' lang='lat' dir='ltr'>sic</span> <span class='ocrx_word' id='word_1_87' title='bbox 1717 803 1823 854; x_wconf 91' lang='lat' dir='ltr'>quod</span> 
     </span>
     <span class='ocr_line' id='line_1_17' title="bbox 499 872 1823 922; baseline 0.002 -14"><span class='ocrx_word' id='word_1_88' title='bbox 499 872 718 922; x_wconf 87' lang='lat' dir='ltr'>quicunque</span> <span class='ocrx_word' id='word_1_89' title='bbox 747 875 1015 912; x_wconf 83' lang='lat' dir='ltr'>excomunicat</span> <span class='ocrx_word' id='word_1_90' title='bbox 1036 887 1115 912; x_wconf 89' lang='lat' dir='ltr'>non</span> <span class='ocrx_word' id='word_1_91' title='bbox 1137 875 1418 914; x_wconf 82' lang='lat' dir='ltr'>adversatorem</span> <span class='ocrx_word' id='word_1_92' title='bbox 1443 875 1509 913; x_wconf 90' lang='lat' dir='ltr'>sed</span> <span class='ocrx_word' id='word_1_93' title='bbox 1538 876 1823 913; x_wconf 84' lang='lat' dir='ltr'>observatorem</span> 
     </span>
     <span class='ocr_line' id='line_1_18' title="bbox 499 943 1878 995; baseline 0.003 -15"><span class='ocrx_word' id='word_1_94' title='bbox 499 943 692 992; x_wconf 87' lang='lat' dir='ltr'>scripture,</span> <span class='ocrx_word' id='word_1_95' title='bbox 714 950 889 981; x_wconf 85' lang='lat' dir='ltr'>notatum</span> <span class='ocrx_word' id='word_1_96' title='bbox 909 956 988 982; x_wconf 91' lang='lat' dir='ltr'>non</span> <span class='ocrx_word' id='word_1_97' title='bbox 1010 946 1279 983; x_wconf 86' lang='lat' dir='ltr'>excomunicat</span> <span class='ocrx_word' id='word_1_98' title='bbox 1299 945 1367 984; x_wconf 86' lang='lat' dir='ltr'>sed</span> <span class='ocrx_word' id='word_1_99' title='bbox 1388 958 1427 984; x_wconf 91' lang='lat' dir='ltr'>se</span> <span class='ocrx_word' id='word_1_100' title='bbox 1448 946 1587 995; x_wconf 91' lang='lat' dir='ltr'>ipsum.</span> <span class='ocrx_word' id='word_1_101' title='bbox 1642 945 1693 982; x_wconf 90' lang='lat' dir='ltr'>Et</span> <span class='ocrx_word' id='word_1_102' title='bbox 1719 950 1823 994; x_wconf 86' lang='lat' dir='ltr'>patet</span> <span class='ocrx_word' id='word_1_103' title='bbox 1836 953 1878 984; x_wconf 85' lang='lat' dir='ltr'>B.</span> 
     </span>
     <span class='ocr_line' id='line_1_19' title="bbox 498 1013 1824 1064; baseline 0.001 -14"><span class='ocrx_word' id='word_1_104' title='bbox 498 1013 603 1062; x_wconf 88' lang='lat' dir='ltr'>quod</span> <span class='ocrx_word' id='word_1_105' title='bbox 623 1014 937 1052; x_wconf 82' lang='lat' dir='ltr'>excomunicator</span> <span class='ocrx_word' id='word_1_106' title='bbox 957 1015 1069 1053; x_wconf 86' lang='lat' dir='ltr'>debet</span> <span class='ocrx_word' id='word_1_107' title='bbox 1088 1016 1215 1064; x_wconf 91' lang='lat' dir='ltr'>primo</span> <span class='ocrx_word' id='word_1_108' title='bbox 1245 1016 1284 1053; x_wconf 90' lang='lat' dir='ltr'>in</span> <span class='ocrx_word' id='word_1_109' title='bbox 1313 1017 1472 1053; x_wconf 88' lang='lat' dir='ltr'>materia</span> <span class='ocrx_word' id='word_1_110' title='bbox 1501 1028 1570 1053; x_wconf 90' lang='lat' dir='ltr'>sue</span> <span class='ocrx_word' id='word_1_111' title='bbox 1599 1015 1824 1053; x_wconf 85' lang='lat' dir='ltr'>excomuni-</span> 
     </span>
     <span class='ocr_line' id='line_1_20' title="bbox 497 1084 1824 1136; baseline 0 -15"><span class='ocrx_word' id='word_1_112' title='bbox 497 1084 667 1121; x_wconf 88' lang='lat' dir='ltr'>cacionis</span> <span class='ocrx_word' id='word_1_113' title='bbox 696 1096 931 1134; x_wconf 85' lang='lat' dir='ltr'>cognoscere</span> <span class='ocrx_word' id='word_1_114' title='bbox 955 1086 1191 1124; x_wconf 88' lang='lat' dir='ltr'>voluntatem</span> <span class='ocrx_word' id='word_1_115' title='bbox 1221 1086 1401 1132; x_wconf 87' lang='lat' dir='ltr'>divinam,</span> <span class='ocrx_word' id='word_1_116' title='bbox 1430 1087 1520 1136; x_wconf 87' lang='lat' dir='ltr'>quia</span> <span class='ocrx_word' id='word_1_117' title='bbox 1549 1086 1657 1123; x_wconf 90' lang='lat' dir='ltr'>aliter</span> <span class='ocrx_word' id='word_1_118' title='bbox 1685 1085 1824 1122; x_wconf 91' lang='lat' dir='ltr'>menti-</span> 
     </span>
     <span class='ocr_line' id='line_1_21' title="bbox 498 1155 1822 1205; baseline 0.002 -14"><span class='ocrx_word' id='word_1_119' title='bbox 498 1161 610 1192; x_wconf 90' lang='lat' dir='ltr'>retur.</span> <span class='ocrx_word' id='word_1_120' title='bbox 668 1155 763 1193; x_wconf 90' lang='lat' dir='ltr'>Ideo</span> <span class='ocrx_word' id='word_1_121' title='bbox 783 1162 935 1204; x_wconf 88' lang='lat' dir='ltr'>oportet</span> <span class='ocrx_word' id='word_1_122' title='bbox 956 1156 1062 1205; x_wconf 87' lang='lat' dir='ltr'>quod</span> <span class='ocrx_word' id='word_1_123' title='bbox 1085 1156 1226 1194; x_wconf 86' lang='lat' dir='ltr'>habeat</span> <span class='ocrx_word' id='word_1_124' title='bbox 1258 1157 1536 1195; x_wconf 84' lang='lat' dir='ltr'>revelacionem</span> <span class='ocrx_word' id='word_1_125' title='bbox 1556 1163 1592 1194; x_wconf 89' lang='lat' dir='ltr'>et</span> <span class='ocrx_word' id='word_1_126' title='bbox 1612 1156 1822 1201; x_wconf 87' lang='lat' dir='ltr'>caritatem,</span> 
     </span>
     <span class='ocr_line' id='line_1_22' title="bbox 498 1225 1824 1277; baseline 0.002 -15"><span class='ocrx_word' id='word_1_127' title='bbox 498 1232 539 1262; x_wconf 92' lang='lat' dir='ltr'>ut</span> <span class='ocrx_word' id='word_1_128' title='bbox 574 1225 663 1271; x_wconf 86' lang='lat' dir='ltr'>dixi,</span> <span class='ocrx_word' id='word_1_129' title='bbox 698 1225 728 1263; x_wconf 91' lang='lat' dir='ltr'>si</span> <span class='ocrx_word' id='word_1_130' title='bbox 760 1226 863 1263; x_wconf 90' lang='lat' dir='ltr'>illam</span> <span class='ocrx_word' id='word_1_131' title='bbox 893 1226 1127 1265; x_wconf 84' lang='lat' dir='ltr'>medicinam</span> <span class='ocrx_word' id='word_1_132' title='bbox 1161 1228 1230 1264; x_wconf 88' lang='lat' dir='ltr'>rite</span> <span class='ocrx_word' id='word_1_133' title='bbox 1261 1227 1376 1265; x_wconf 91' lang='lat' dir='ltr'>debet</span> <span class='ocrx_word' id='word_1_134' title='bbox 1406 1240 1613 1277; x_wconf 91' lang='lat' dir='ltr'>apponere,</span> <span class='ocrx_word' id='word_1_135' title='bbox 1639 1234 1680 1265; x_wconf 92' lang='lat' dir='ltr'>ut</span> <span class='ocrx_word' id='word_1_136' title='bbox 1705 1227 1824 1264; x_wconf 89' lang='lat' dir='ltr'>laicus</span> 
     </span>
     <span class='ocr_line' id='line_1_23' title="bbox 497 1295 1875 1348; baseline 0 -16"><span class='ocrx_word' id='word_1_137' title='bbox 497 1295 726 1345; x_wconf 82' lang='lat' dir='ltr'>generaliter</span> <span class='ocrx_word' id='word_1_138' title='bbox 765 1297 1070 1337; x_wconf 85' lang='lat' dir='ltr'>excomunicans</span> <span class='ocrx_word' id='word_1_139' title='bbox 1108 1297 1224 1337; x_wconf 90' lang='lat' dir='ltr'>habet</span> <span class='ocrx_word' id='word_1_140' title='bbox 1271 1299 1554 1336; x_wconf 88' lang='lat' dir='ltr'>revelacionem</span> <span class='ocrx_word' id='word_1_141' title='bbox 1601 1297 1822 1348; x_wconf 82' lang='lat' dir='ltr'>generalem</span> <span class='ocrx_word' id='word_1_142' title='bbox 1838 1310 1875 1343; x_wconf 90' lang='lat'>15</span> 
     </span>
     <span class='ocr_line' id='line_1_24' title="bbox 497 1366 1823 1416; baseline 0.002 -14"><span class='ocrx_word' id='word_1_143' title='bbox 497 1366 603 1415; x_wconf 91' lang='lat' dir='ltr'>quod</span> <span class='ocrx_word' id='word_1_144' title='bbox 636 1366 762 1404; x_wconf 89' lang='lat' dir='ltr'>solum</span> <span class='ocrx_word' id='word_1_145' title='bbox 793 1366 840 1403; x_wconf 93' lang='lat' dir='ltr'>de</span> <span class='ocrx_word' id='word_1_146' title='bbox 872 1373 1018 1415; x_wconf 85' lang='lat' dir='ltr'>quanto</span> <span class='ocrx_word' id='word_1_147' title='bbox 1050 1367 1135 1416; x_wconf 85' lang='lat' dir='ltr'>quis</span> <span class='ocrx_word' id='word_1_148' title='bbox 1166 1374 1222 1407; x_wconf 87' lang='lat' dir='ltr'>est</span> <span class='ocrx_word' id='word_1_149' title='bbox 1254 1367 1328 1406; x_wconf 87' lang='lat' dir='ltr'>deo</span> <span class='ocrx_word' id='word_1_150' title='bbox 1353 1368 1580 1406; x_wconf 90' lang='lat' dir='ltr'>inobediens</span> <span class='ocrx_word' id='word_1_151' title='bbox 1600 1374 1656 1405; x_wconf 90' lang='lat' dir='ltr'>est</span> <span class='ocrx_word' id='word_1_152' title='bbox 1675 1367 1823 1406; x_wconf 87' lang='lat' dir='ltr'>realiter</span> 
     </span>
     <span class='ocr_line' id='line_1_25' title="bbox 497 1436 1821 1488; baseline 0.002 -14"><span class='ocrx_word' id='word_1_153' title='bbox 497 1437 825 1474; x_wconf 85' lang='lat' dir='ltr'>excomunicatus.</span> <span class='ocrx_word' id='word_1_154' title='bbox 882 1436 932 1473; x_wconf 92' lang='lat' dir='ltr'>Et</span> <span class='ocrx_word' id='word_1_155' title='bbox 966 1443 1070 1486; x_wconf 88' lang='lat' dir='ltr'>patet</span> <span class='ocrx_word' id='word_1_156' title='bbox 1101 1438 1207 1486; x_wconf 91' lang='lat' dir='ltr'>quod</span> <span class='ocrx_word' id='word_1_157' title='bbox 1245 1438 1354 1478; x_wconf 89' lang='lat' dir='ltr'>multi</span> <span class='ocrx_word' id='word_1_158' title='bbox 1393 1451 1482 1477; x_wconf 89' lang='lat' dir='ltr'>cece</span> <span class='ocrx_word' id='word_1_159' title='bbox 1519 1445 1723 1476; x_wconf 89' lang='lat' dir='ltr'>moventur</span> <span class='ocrx_word' id='word_1_160' title='bbox 1754 1451 1821 1488; x_wconf 90' lang='lat' dir='ltr'>ap-</span> 
     </span>
    </p>

    <p class='ocr_par' dir='ltr' id='par_1_5' title="bbox 496 1505 1934 1624">
     <span class='ocr_line' id='line_1_26' title="bbox 677 1505 1934 1559; baseline 0.005 -16"><span class='ocrx_word' id='word_1_161' title='bbox 677 1505 695 1526; x_wconf 85' lang='lat'><em>*</em></span> <span class='ocrx_word' id='word_1_162' title='bbox 728 1507 962 1544; x_wconf 88' lang='lat' dir='ltr'>medicinam</span> <span class='ocrx_word' id='word_1_163' title='bbox 992 1509 1372 1546; x_wconf 86' lang='lat' dir='ltr'>excomunicacionis</span> <span class='ocrx_word' id='word_1_164' title='bbox 1402 1522 1449 1549; x_wconf 86' lang='lat' dir='ltr'>ex</span> <span class='ocrx_word' id='word_1_165' title='bbox 1481 1516 1619 1559; x_wconf 88' lang='lat' dir='ltr'>questu</span> <span class='ocrx_word' id='word_1_166' title='bbox 1649 1509 1708 1546; x_wconf 90' lang='lat' dir='ltr'>vel</span> <span class='ocrx_word' id='word_1_167' title='bbox 1734 1509 1822 1546; x_wconf 91' lang='lat' dir='ltr'>odio</span> <span class='ocrx_word' id='word_1_168' title='bbox 1836 1518 1885 1548; x_wconf 80' lang='lat'>48</span> <span class='ocrx_word' id='word_1_169' title='bbox 1902 1526 1934 1549; x_wconf 76' lang='lat' dir='ltr'>a.</span> 
     </span>
     <span class='ocr_line' id='line_1_27' title="bbox 496 1577 1824 1624; baseline 0.001 -9"><span class='ocrx_word' id='word_1_170' title='bbox 496 1578 668 1624; x_wconf 78' lang='lat' dir='ltr'>fratrum,</span> <span class='ocrx_word' id='word_1_171' title='bbox 684 1590 763 1615; x_wconf 90' lang='lat' dir='ltr'>non</span> <span class='ocrx_word' id='word_1_172' title='bbox 784 1577 1026 1615; x_wconf 85' lang='lat' dir='ltr'>attendentes</span> <span class='ocrx_word' id='word_1_173' title='bbox 1042 1578 1213 1616; x_wconf 86' lang='lat' dir='ltr'>divinum</span> <span class='ocrx_word' id='word_1_174' title='bbox 1228 1579 1421 1623; x_wconf 88' lang='lat' dir='ltr'>iudicium.</span> <span class='ocrx_word' id='word_1_175' title='bbox 1468 1579 1583 1618; x_wconf 89' lang='lat' dir='ltr'>Unde</span> <span class='ocrx_word' id='word_1_176' title='bbox 1600 1579 1824 1617; x_wconf 88' lang='lat' dir='ltr'>excomuni-</span> 
     </span>
    </p>
   </div>
   <div class='ocr_carea' id='block_1_5' title="bbox 497 1519 643 1557">
    <p class='ocr_par' dir='ltr' id='par_1_6' title="bbox 497 1519 643 1557">
     <span class='ocr_line' id='line_1_28' title="bbox 497 1519 643 1557; baseline -0.007 -12"><span class='ocrx_word' id='word_1_177' title='bbox 497 1519 643 1557; x_wconf 90' lang='lat' dir='ltr'>ponere</span> 
     </span>
    </p>
   </div>
   <div class='ocr_carea' id='block_1_6' title="bbox 496 1647 2040 2827">
    <p class='ocr_par' dir='ltr' id='par_1_7' title="bbox 496 1647 2040 2827">
     <span class='ocr_line' id='line_1_29' title="bbox 497 1647 2040 1695; baseline 0 -9"><span class='ocrx_word' id='word_1_178' title='bbox 497 1655 630 1686; x_wconf 88' lang='lat' dir='ltr'>cantes</span> <span class='ocrx_word' id='word_1_179' title='bbox 652 1647 670 1667; x_wconf 71' lang='lat'>&#39;¹‘</span> <span class='ocrx_word' id='word_1_180' title='bbox 694 1649 748 1686; x_wconf 88' lang='lat' dir='ltr'>sic</span> <span class='ocrx_word' id='word_1_181' title='bbox 768 1649 906 1686; x_wconf 88' lang='lat' dir='ltr'>invitos</span> <span class='ocrx_word' id='word_1_182' title='bbox 933 1649 1140 1687; x_wconf 88' lang='lat' dir='ltr'>ostendunt</span> <span class='ocrx_word' id='word_1_183' title='bbox 1160 1662 1207 1687; x_wconf 83' lang='lat' dir='ltr'>ex</span> <span class='ocrx_word' id='word_1_184' title='bbox 1228 1650 1348 1688; x_wconf 90' lang='lat' dir='ltr'>modo</span> <span class='ocrx_word' id='word_1_185' title='bbox 1369 1662 1480 1688; x_wconf 88' lang='lat' dir='ltr'>suam</span> <span class='ocrx_word' id='word_1_186' title='bbox 1501 1650 1714 1690; x_wconf 83' lang='lat' dir='ltr'>stulticiam.</span> <span class='ocrx_word' id='word_1_187' title='bbox 1773 1649 1823 1695; x_wconf 88' lang='lat' dir='ltr'>Si,</span> <span class='ocrx_word' id='word_1_188' title='bbox 1837 1648 1994 1678; x_wconf 77' lang='lat' dir='ltr'>F01.168</span> <span class='ocrx_word' id='word_1_189' title='bbox 2004 1647 2040 1677; x_wconf 89' lang='lat' dir='ltr'>b.</span> 
     </span>
     <span class='ocr_line' id='line_1_30' title="bbox 496 1719 1825 1770; baseline -0.001 -13"><span class='ocrx_word' id='word_1_190' title='bbox 496 1720 666 1769; x_wconf 88' lang='lat' dir='ltr'>inquam,</span> <span class='ocrx_word' id='word_1_191' title='bbox 687 1719 861 1757; x_wconf 88' lang='lat' dir='ltr'>medicus</span> <span class='ocrx_word' id='word_1_192' title='bbox 893 1719 1104 1769; x_wconf 89' lang='lat' dir='ltr'>corporalis</span> <span class='ocrx_word' id='word_1_193' title='bbox 1137 1732 1217 1758; x_wconf 90' lang='lat' dir='ltr'>non</span> <span class='ocrx_word' id='word_1_194' title='bbox 1250 1727 1462 1770; x_wconf 85' lang='lat' dir='ltr'>apponeret</span> <span class='ocrx_word' id='word_1_195' title='bbox 1493 1721 1728 1762; x_wconf 83' lang='lat' dir='ltr'>medicinam</span> <span class='ocrx_word' id='word_1_196' title='bbox 1751 1720 1825 1758; x_wconf 88' lang='lat' dir='ltr'>nisi</span> 
     </span>
     <span class='ocr_line' id='line_1_31' title="bbox 496 1790 1825 1841; baseline 0.001 -14"><span class='ocrx_word' id='word_1_197' title='bbox 496 1797 590 1830; x_wconf 84' lang='lat' dir='ltr'>noto</span> <span class='ocrx_word' id='word_1_198' title='bbox 619 1791 759 1830; x_wconf 86' lang='lat' dir='ltr'>morbo</span> <span class='ocrx_word' id='word_1_199' title='bbox 791 1796 827 1828; x_wconf 92' lang='lat' dir='ltr'>et</span> <span class='ocrx_word' id='word_1_200' title='bbox 856 1791 991 1828; x_wconf 88' lang='lat' dir='ltr'>virtute</span> <span class='ocrx_word' id='word_1_201' title='bbox 1023 1791 1215 1829; x_wconf 90' lang='lat' dir='ltr'>medicine</span> <span class='ocrx_word' id='word_1_202' title='bbox 1242 1803 1329 1831; x_wconf 91' lang='lat' dir='ltr'>cum</span> <span class='ocrx_word' id='word_1_203' title='bbox 1362 1791 1608 1841; x_wconf 87' lang='lat' dir='ltr'>reputacione</span> <span class='ocrx_word' id='word_1_204' title='bbox 1636 1790 1825 1840; x_wconf 89' lang='lat' dir='ltr'>probabili</span> 
     </span>
     <span class='ocr_line' id='line_1_32' title="bbox 499 1860 1825 1911; baseline -0.001 -12"><span class='ocrx_word' id='word_1_205' title='bbox 499 1860 604 1911; x_wconf 87' lang='lat' dir='ltr'>quod</span> <span class='ocrx_word' id='word_1_206' title='bbox 624 1867 788 1907; x_wconf 86' lang='lat' dir='ltr'>sanaret,</span> <span class='ocrx_word' id='word_1_207' title='bbox 811 1867 960 1910; x_wconf 84' lang='lat' dir='ltr'>quanto</span> <span class='ocrx_word' id='word_1_208' title='bbox 989 1862 1115 1910; x_wconf 89' lang='lat' dir='ltr'>magis</span> <span class='ocrx_word' id='word_1_209' title='bbox 1145 1862 1349 1911; x_wconf 88' lang='lat' dir='ltr'>spiritualis</span> <span class='ocrx_word' id='word_1_210' title='bbox 1379 1862 1553 1899; x_wconf 89' lang='lat' dir='ltr'>medicus</span> <span class='ocrx_word' id='word_1_211' title='bbox 1573 1861 1613 1904; x_wconf 80' lang='lat' dir='ltr'>in</span> <span class='ocrx_word' id='word_1_212' title='bbox 1632 1873 1724 1903; x_wconf 90' lang='lat' dir='ltr'>casu</span> <span class='ocrx_word' id='word_1_213' title='bbox 1745 1873 1825 1911; x_wconf 90' lang='lat' dir='ltr'>quo</span> 
     </span>
     <span class='ocr_line' id='line_1_33' title="bbox 499 1930 1826 1981; baseline -0.001 -13"><span class='ocrx_word' id='word_1_214' title='bbox 499 1932 632 1969; x_wconf 91' lang='lat' dir='ltr'>iminet</span> <span class='ocrx_word' id='word_1_215' title='bbox 661 1931 851 1969; x_wconf 90' lang='lat' dir='ltr'>infinitum</span> <span class='ocrx_word' id='word_1_216' title='bbox 881 1931 1005 1980; x_wconf 84' lang='lat' dir='ltr'>magis</span> <span class='ocrx_word' id='word_1_217' title='bbox 1034 1931 1274 1981; x_wconf 85' lang='lat' dir='ltr'>periculum?</span> <span class='ocrx_word' id='word_1_218' title='bbox 1330 1932 1381 1969; x_wconf 90' lang='lat' dir='ltr'>Et</span> <span class='ocrx_word' id='word_1_219' title='bbox 1408 1932 1472 1978; x_wconf 88' lang='lat' dir='ltr'>sic,</span> <span class='ocrx_word' id='word_1_220' title='bbox 1494 1938 1535 1968; x_wconf 90' lang='lat' dir='ltr'>ut</span> <span class='ocrx_word' id='word_1_221' title='bbox 1564 1931 1659 1969; x_wconf 84' lang='lat' dir='ltr'>dixit</span> <span class='ocrx_word' id='word_1_222' title='bbox 1679 1930 1826 1968; x_wconf 85' lang='lat' dir='ltr'>subtilis</span> 
     </span>
     <span class='ocr_line' id='line_1_34' title="bbox 499 2001 1878 2051; baseline -0.002 -11"><span class='ocrx_word' id='word_1_223' title='bbox 499 2002 617 2041; x_wconf 89' lang='lat' dir='ltr'>laicus</span> <span class='ocrx_word' id='word_1_224' title='bbox 656 2008 894 2041; x_wconf 87' lang='lat' dir='ltr'>memoratus</span> <span class='ocrx_word' id='word_1_225' title='bbox 946 2002 1132 2051; x_wconf 88' lang='lat' dir='ltr'>superius,</span> <span class='ocrx_word' id='word_1_226' title='bbox 1173 2002 1300 2040; x_wconf 90' lang='lat' dir='ltr'>omnis</span> <span class='ocrx_word' id='word_1_227' title='bbox 1347 2002 1665 2040; x_wconf 85' lang='lat' dir='ltr'>excomunicatus</span> <span class='ocrx_word' id='word_1_228' title='bbox 1712 2001 1826 2041; x_wconf 90' lang='lat' dir='ltr'>debet</span> <span class='ocrx_word' id='word_1_229' title='bbox 1840 2005 1878 2037; x_wconf 87' lang='lat'>25</span> 
     </span>
     <span class='ocr_line' id='line_1_35' title="bbox 499 2072 1826 2123; baseline -0.002 -12"><span class='ocrx_word' id='word_1_230' title='bbox 499 2073 713 2123; x_wconf 86' lang='lat' dir='ltr'>gaudenter</span> <span class='ocrx_word' id='word_1_231' title='bbox 744 2072 903 2110; x_wconf 87' lang='lat' dir='ltr'>sufferre</span> <span class='ocrx_word' id='word_1_232' title='bbox 938 2073 1350 2111; x_wconf 82' lang='lat' dir='ltr'>excomunicacionem</span> <span class='ocrx_word' id='word_1_233' title='bbox 1381 2072 1534 2118; x_wconf 86' lang='lat' dir='ltr'>illatam,</span> <span class='ocrx_word' id='word_1_234' title='bbox 1564 2072 1655 2121; x_wconf 85' lang='lat' dir='ltr'>quia</span> <span class='ocrx_word' id='word_1_235' title='bbox 1681 2072 1711 2109; x_wconf 89' lang='lat' dir='ltr'>si</span> <span class='ocrx_word' id='word_1_236' title='bbox 1743 2083 1826 2121; x_wconf 90' lang='lat' dir='ltr'>pre-</span> 
     </span>
     <span class='ocr_line' id='line_1_36' title="bbox 498 2142 1829 2194; baseline -0.002 -13"><span class='ocrx_word' id='word_1_237' title='bbox 498 2144 648 2194; x_wconf 88' lang='lat' dir='ltr'>positus</span> <span class='ocrx_word' id='word_1_238' title='bbox 668 2144 764 2181; x_wconf 89' lang='lat' dir='ltr'>iuste</span> <span class='ocrx_word' id='word_1_239' title='bbox 786 2143 1059 2181; x_wconf 83' lang='lat' dir='ltr'>excomunicat</span> <span class='ocrx_word' id='word_1_240' title='bbox 1088 2143 1406 2181; x_wconf 86' lang='lat' dir='ltr'>excomunicacio</span> <span class='ocrx_word' id='word_1_241' title='bbox 1427 2143 1579 2192; x_wconf 89' lang='lat' dir='ltr'>passiva</span> <span class='ocrx_word' id='word_1_242' title='bbox 1598 2148 1654 2181; x_wconf 88' lang='lat' dir='ltr'>est</span> <span class='ocrx_word' id='word_1_243' title='bbox 1673 2142 1772 2182; x_wconf 84' lang='lat' dir='ltr'>iusta</span> <span class='ocrx_word' id='word_1_244' title='bbox 1792 2147 1829 2179; x_wconf 91' lang='lat' dir='ltr'>et</span> 
     </span>
     <span class='ocr_line' id='line_1_37' title="bbox 498 2212 1830 2263; baseline -0.002 -10"><span class='ocrx_word' id='word_1_245' title='bbox 498 2213 751 2259; x_wconf 88' lang='lat' dir='ltr'>medicinalis,</span> <span class='ocrx_word' id='word_1_246' title='bbox 768 2213 816 2251; x_wconf 92' lang='lat' dir='ltr'>de</span> <span class='ocrx_word' id='word_1_247' title='bbox 837 2226 915 2263; x_wconf 86' lang='lat' dir='ltr'>qua</span> <span class='ocrx_word' id='word_1_248' title='bbox 935 2214 1127 2252; x_wconf 87' lang='lat' dir='ltr'>medicina</span> <span class='ocrx_word' id='word_1_249' title='bbox 1143 2214 1301 2263; x_wconf 88' lang='lat' dir='ltr'>paciens</span> <span class='ocrx_word' id='word_1_250' title='bbox 1317 2213 1430 2251; x_wconf 91' lang='lat' dir='ltr'>debet</span> <span class='ocrx_word' id='word_1_251' title='bbox 1445 2212 1624 2263; x_wconf 89' lang='lat' dir='ltr'>gaudere.</span> <span class='ocrx_word' id='word_1_252' title='bbox 1671 2212 1830 2251; x_wconf 89' lang='lat' dir='ltr'>Frustra</span> 
     </span>
     <span class='ocr_line' id='line_1_38' title="bbox 499 2282 1828 2333; baseline -0.002 -10"><span class='ocrx_word' id='word_1_253' title='bbox 499 2285 603 2323; x_wconf 87' lang='lat' dir='ltr'>enim</span> <span class='ocrx_word' id='word_1_254' title='bbox 642 2290 901 2333; x_wconf 88' lang='lat' dir='ltr'>apponeretur</span> <span class='ocrx_word' id='word_1_255' title='bbox 940 2284 1014 2325; x_wconf 87' lang='lat' dir='ltr'>nisi</span> <span class='ocrx_word' id='word_1_256' title='bbox 1051 2284 1284 2333; x_wconf 89' lang='lat' dir='ltr'>reciperetur</span> <span class='ocrx_word' id='word_1_257' title='bbox 1318 2290 1356 2321; x_wconf 89' lang='lat' dir='ltr'>et</span> <span class='ocrx_word' id='word_1_258' title='bbox 1390 2283 1618 2321; x_wconf 87' lang='lat' dir='ltr'>sufferretur.</span> <span class='ocrx_word' id='word_1_259' title='bbox 1674 2282 1724 2319; x_wconf 90' lang='lat' dir='ltr'>Et</span> <span class='ocrx_word' id='word_1_260' title='bbox 1757 2282 1828 2321; x_wconf 89' lang='lat' dir='ltr'>hec</span> 
     </span>
     <span class='ocr_line' id='line_1_39' title="bbox 499 2352 1884 2407; baseline -0.002 -14"><span class='ocrx_word' id='word_1_261' title='bbox 499 2356 603 2393; x_wconf 86' lang='lat' dir='ltr'>racio</span> <span class='ocrx_word' id='word_1_262' title='bbox 623 2367 739 2407; x_wconf 89' lang='lat' dir='ltr'>quare</span> <span class='ocrx_word' id='word_1_263' title='bbox 764 2354 963 2404; x_wconf 88' lang='lat' dir='ltr'>dampnati</span> <span class='ocrx_word' id='word_1_264' title='bbox 992 2360 1156 2404; x_wconf 88' lang='lat' dir='ltr'>peccant</span> <span class='ocrx_word' id='word_1_265' title='bbox 1187 2354 1451 2393; x_wconf 89' lang='lat' dir='ltr'>inevitabiliter</span> <span class='ocrx_word' id='word_1_266' title='bbox 1479 2354 1569 2403; x_wconf 85' lang='lat' dir='ltr'>quia</span> <span class='ocrx_word' id='word_1_267' title='bbox 1597 2365 1678 2395; x_wconf 88' lang='lat' dir='ltr'>non</span> <span class='ocrx_word' id='word_1_268' title='bbox 1706 2352 1827 2401; x_wconf 86' lang='lat' dir='ltr'>gaud-</span> <span class='ocrx_word' id='word_1_269' title='bbox 1842 2353 1884 2385; x_wconf 82' lang='lat'>30</span> 
     </span>
     <span class='ocr_line' id='line_1_40' title="bbox 501 2423 1829 2473; baseline -0.003 -9"><span class='ocrx_word' id='word_1_270' title='bbox 501 2433 608 2465; x_wconf 88' lang='lat' dir='ltr'>enter</span> <span class='ocrx_word' id='word_1_271' title='bbox 638 2426 843 2463; x_wconf 87' lang='lat' dir='ltr'>sufferrunt</span> <span class='ocrx_word' id='word_1_272' title='bbox 872 2425 1281 2463; x_wconf 89' lang='lat' dir='ltr'>excomunicacionem</span> <span class='ocrx_word' id='word_1_273' title='bbox 1311 2431 1390 2462; x_wconf 83' lang='lat' dir='ltr'>tam</span> <span class='ocrx_word' id='word_1_274' title='bbox 1420 2424 1515 2461; x_wconf 91' lang='lat' dir='ltr'>iuste</span> <span class='ocrx_word' id='word_1_275' title='bbox 1545 2423 1702 2470; x_wconf 88' lang='lat' dir='ltr'>illatam,</span> <span class='ocrx_word' id='word_1_276' title='bbox 1724 2423 1829 2473; x_wconf 91' lang='lat' dir='ltr'>quod</span> 
     </span>
     <span class='ocr_line' id='line_1_41' title="bbox 501 2493 1828 2545; baseline -0.003 -10"><span class='ocrx_word' id='word_1_277' title='bbox 501 2505 631 2535; x_wconf 86' lang='lat' dir='ltr'>tamen</span> <span class='ocrx_word' id='word_1_278' title='bbox 662 2497 858 2534; x_wconf 88' lang='lat' dir='ltr'>deberent.</span> <span class='ocrx_word' id='word_1_279' title='bbox 918 2495 957 2532; x_wconf 86' lang='lat' dir='ltr'>Si</span> <span class='ocrx_word' id='word_1_280' title='bbox 990 2496 1075 2545; x_wconf 89' lang='lat' dir='ltr'>quis</span> <span class='ocrx_word' id='word_1_281' title='bbox 1109 2496 1378 2534; x_wconf 85' lang='lat' dir='ltr'>excomunicat</span> <span class='ocrx_word' id='word_1_282' title='bbox 1409 2495 1656 2532; x_wconf 87' lang='lat' dir='ltr'>innocentem</span> <span class='ocrx_word' id='word_1_283' title='bbox 1689 2493 1828 2531; x_wconf 89' lang='lat' dir='ltr'>iniuste</span> 
     </span>
     <span class='ocr_line' id='line_1_42' title="bbox 500 2563 1828 2617; baseline -0.005 -11"><span class='ocrx_word' id='word_1_284' title='bbox 500 2569 614 2606; x_wconf 90' lang='lat' dir='ltr'>debet</span> <span class='ocrx_word' id='word_1_285' title='bbox 651 2567 818 2616; x_wconf 86' lang='lat' dir='ltr'>gaudere</span> <span class='ocrx_word' id='word_1_286' title='bbox 857 2566 963 2616; x_wconf 90' lang='lat' dir='ltr'>quod</span> <span class='ocrx_word' id='word_1_287' title='bbox 1008 2566 1148 2616; x_wconf 87' lang='lat' dir='ltr'>dignus</span> <span class='ocrx_word' id='word_1_288' title='bbox 1186 2573 1244 2603; x_wconf 90' lang='lat' dir='ltr'>est</span> <span class='ocrx_word' id='word_1_289' title='bbox 1291 2577 1361 2615; x_wconf 92' lang='lat' dir='ltr'>pro</span> <span class='ocrx_word' id='word_1_290' title='bbox 1401 2565 1528 2603; x_wconf 90' lang='lat' dir='ltr'>Cristo</span> <span class='ocrx_word' id='word_1_291' title='bbox 1576 2563 1828 2617; x_wconf 87' lang='lat' dir='ltr'>equanimiter</span> 
     </span>
     <span class='ocr_line' id='line_1_43' title="bbox 500 2633 1828 2686; baseline -0.004 -11"><span class='ocrx_word' id='word_1_292' title='bbox 500 2639 657 2676; x_wconf 89' lang='lat' dir='ltr'>iniurias</span> <span class='ocrx_word' id='word_1_293' title='bbox 695 2644 820 2675; x_wconf 88' lang='lat' dir='ltr'>tantas</span> <span class='ocrx_word' id='word_1_294' title='bbox 857 2637 946 2686; x_wconf 90' lang='lat' dir='ltr'>pati.</span> <span class='ocrx_word' id='word_1_295' title='bbox 1013 2636 1073 2673; x_wconf 90' lang='lat' dir='ltr'>De</span> <span class='ocrx_word' id='word_1_296' title='bbox 1106 2642 1281 2685; x_wconf 86' lang='lat' dir='ltr'>tempore</span> <span class='ocrx_word' id='word_1_297' title='bbox 1318 2647 1409 2673; x_wconf 87' lang='lat' dir='ltr'>vero</span> <span class='ocrx_word' id='word_1_298' title='bbox 1448 2633 1828 2672; x_wconf 85' lang='lat' dir='ltr'>excomunicacionis</span> 
     </span>
     <span class='ocr_line' id='line_1_44' title="bbox 501 2704 1881 2750; baseline -0.004 -5"><span class='ocrx_word' id='word_1_299' title='bbox 501 2709 601 2747; x_wconf 87' lang='lat' dir='ltr'>facte</span> <span class='ocrx_word' id='word_1_300' title='bbox 636 2721 658 2745; x_wconf 92' lang='lat' dir='ltr'>a</span> <span class='ocrx_word' id='word_1_301' title='bbox 690 2708 763 2746; x_wconf 90' lang='lat' dir='ltr'>deo</span> <span class='ocrx_word' id='word_1_302' title='bbox 795 2707 908 2745; x_wconf 89' lang='lat' dir='ltr'>debet</span> <span class='ocrx_word' id='word_1_303' title='bbox 942 2719 981 2744; x_wconf 87' lang='lat' dir='ltr'>se</span> <span class='ocrx_word' id='word_1_304' title='bbox 1015 2707 1237 2744; x_wconf 90' lang='lat' dir='ltr'>submittere</span> <span class='ocrx_word' id='word_1_305' title='bbox 1272 2705 1464 2743; x_wconf 88' lang='lat' dir='ltr'>humiliter</span> <span class='ocrx_word' id='word_1_306' title='bbox 1495 2704 1622 2742; x_wconf 91' lang='lat' dir='ltr'>divino</span> <span class='ocrx_word' id='word_1_307' title='bbox 1660 2704 1827 2750; x_wconf 85' lang='lat' dir='ltr'>arbitrio,</span> <span class='ocrx_word' id='word_1_308' title='bbox 1842 2713 1881 2746; x_wconf 86' lang='lat'>35</span> 
     </span>
     <span class='ocr_line' id='line_1_45' title="bbox 504 2774 1879 2827; baseline -0.007 -9"><span class='ocrx_word' id='word_1_309' title='bbox 504 2778 771 2818; x_wconf 87' lang='lat' dir='ltr'>satisfaciendo</span> <span class='ocrx_word' id='word_1_310' title='bbox 792 2778 865 2815; x_wconf 88' lang='lat' dir='ltr'>deo</span> <span class='ocrx_word' id='word_1_311' title='bbox 886 2783 1031 2827; x_wconf 87' lang='lat' dir='ltr'>quanto</span> <span class='ocrx_word' id='word_1_312' title='bbox 1051 2776 1197 2814; x_wconf 85' lang='lat' dir='ltr'>suffieit.</span> <span class='ocrx_word' id='word_1_313' title='bbox 1255 2776 1305 2813; x_wconf 85' lang='lat' dir='ltr'>Et</span> <span class='ocrx_word' id='word_1_314' title='bbox 1325 2782 1513 2826; x_wconf 87' lang='lat' dir='ltr'>quantum</span> <span class='ocrx_word' id='word_1_315' title='bbox 1535 2775 1583 2812; x_wconf 84' lang='lat' dir='ltr'>ad</span> <span class='ocrx_word' id='word_1_316' title='bbox 1604 2774 1827 2812; x_wconf 88' lang='lat' dir='ltr'>excomuni-</span> <span class='ocrx_word' id='word_1_317' title='bbox 1841 2778 1879 2808; x_wconf 82' lang='lat' dir='ltr'>C-</span> 
     </span>
    </p>
   </div>
  </div>
 </body>
</html>
