2051 3299
215 234 271 274 66
919 239 982 269 DE
1015 237 1208 270 orrrcro
1241 237 1396 268 REGIS.

213 357 481 423 Ξὲιῗξῖἳίἓέἒᾶω
493 351 628 384 notum
667 343 773 394 quod
803 344 919 380 virtus
952 343 1110 392 regitiva
1137 342 1235 390 regis
1259 353 1299 378 se
1326 340 1496 378 extendit
1521 353 1568 378 ex
1595 340 1744 390 integro
1773 340 1823 377 ad

213 423 439 483 gffisstkgffigffin
462 457 483 482 ‚S
495 429 610 454 omne
650 427 765 464 super
802 426 880 463 quo
918 414 1019 451 cadit
1054 413 1136 450 eius
1158 411 1176 431 *
1213 411 1430 449 dominium
1472 410 1657 456 seculare,
1698 416 1739 447 ut
1773 410 1823 447 ad
1835 418 1877 446 15
1894 417 1928 446 b.

214 491 366 518 dominion·
441 466 459 489 g
495 499 631 525 omnes
650 485 828 524 homines
848 485 929 522 eius
949 483 1070 533 legios
1090 489 1127 520 et
1147 482 1195 520 ad
1212 482 1344 520 omnia
1365 482 1555 519 substrata
1576 493 1643 518 sue
1667 493 1822 530 posses-

493 558 591 596 sioni
606 557 716 595 civili.
774 555 895 604 Super
915 555 1046 592 omnia
1062 553 1220 603 quidem
1241 553 1329 590 talia
1348 565 1415 589 rex
1437 552 1650 601 capitaliter
1669 551 1822 589 domin-

491 635 585 675 atur,
628 639 742 676 super
780 625 1013 676 quibusdam
1050 625 1256 661 inmediate
1295 629 1332 660 et
1371 635 1486 672 super
1523 623 1604 660 aliis
1643 622 1855 669 mediate,5

492 699 701 737 distancius
731 698 791 735 vel
820 696 1075 747 propinquius
1107 695 1320 732 secundum
1351 694 1455 743 quod
1488 694 1661 731 mediant
1694 694 1822 743 plures

213 775 481 842 'lfgffierfgrvzffhgas
494 777 560 808 aut
582 769 787 819 pauciores
822 767 1037 805 subdicioni
1068 765 1293 803 eorundem.
1349 765 1409 802 Ex
1434 777 1512 814 quo
1537 766 1707 815 sequitur
1734 776 1823 802 cum

214 843 425 909 ξξὲῗξέξᾶῗῐὲξδ-
494 841 589 879 veris
616 840 721 890 quod
756 851 824 876 rex
859 838 1080 875 dominatur
1107 849 1223 886 super
1252 837 1359 874 omni
1391 836 1494 874 clero
1521 848 1591 873 suo
1615 836 1717 885 legio
1744 847 1823 884 quo

213 919 334 970 {15⁵quss
333 910 376 976 ἐξ
382 910 422 976 ξῙῙ
495 912 544 950 ad
565 923 715 960 corpus,
743 916 780 947 et
811 922 880 959 per
912 920 1155 958 consequens
1187 920 1300 957 super
1331 907 1512 944 omnibus
1543 906 1824 956 temporalibus

493 983 606 1020 bonis
626 981 714 1019 suis.
771 980 876 1018 Nam
897 992 1011 1028 super
1030 979 1211 1017 omnibus
1237 978 1458 1015 hominibus
1478 978 1586 1027 legiis
1606 984 1643 1015 et
1664 978 1822 1027 quibus·
1839 991 1879 1012 10

494 1065 645 1102 cunque
666 1052 779 1089 bonis
800 1063 936 1088 eorum
956 1050 1230 1099 temporalibus
1252 1049 1482 1087 dominatur.
1527 1048 1677 1087 Omnes
1697 1048 1824 1086 clerici

212 1133 416 1199 ffigsffigigffiai
495 1125 553 1161 sui
573 1123 661 1172 legii
682 1129 771 1159 sunt
791 1122 969 1159 homines
991 1121 1047 1158 sui
1068 1120 1167 1170 legii,
1189 1133 1280 1169 ergo
1300 1120 1508 1158 conclusio.
1564 1119 1614 1157 Et
1634 1131 1683 1156 ne
1705 1125 1825 1156 stetur

214 1200 426 1260 ffgfisssworfflly
494 1195 533 1231 in
573 1193 872 1243 sophismatibus
907 1191 1082 1229 vocando
1112 1191 1267 1228 virtutes
1300 1197 1338 1228 et
1368 1191 1499 1228 omnia
1525 1191 1630 1228 bona
1659 1189 1825 1228 hominis

494 1270 714 1303 mensurata
733 1270 907 1312 tempore
928 1263 1008 1300 eius
1029 1262 1254 1311 temporalia
1275 1274 1453 1311 suppono
1477 1273 1686 1299 comunem
1706 1260 1824 1310 signi-

493 1336 722 1374 ficacionem
747 1334 927 1371 usitatam
956 1334 995 1370 in
1027 1334 1097 1370 ista
1128 1333 1288 1370 materia
1318 1333 1366 1370 de
1395 1333 1508 1371 bonis
1538 1332 1824 1381 temporalibus,
1841 1345 1878 1377 15

493 1406 600 1457 quod
619 1405 751 1444 omnia
771 1412 809 1442 et
829 1404 954 1442 solum
975 1404 1037 1441 illa
1058 1404 1131 1441 sint
1151 1405 1254 1442 bona
1277 1404 1503 1453 temporalia
1523 1403 1690 1441 hominis
1709 1402 1825 1440 versi-

494 1478 603 1515 bilia1
623 1477 681 1515 vel
701 1476 925 1514 adiacencia
945 1488 1061 1524 super
1084 1475 1224 1524 quibus
1244 1475 1422 1513 convenit
1446 1474 1646 1512 hominem
1668 1474 1827 1512 civiliter

214 1543 444 1610 {2}n{⁵b*}ht²ffei⁵
500 1548 692 1586 dominari
722 1546 937 1585 cuiusmodi
956 1553 1142 1584 vocantur
1164 1546 1300 1583 mundi
1324 1546 1473 1583 divicie.
1535 1545 1596 1582 Sic
1617 1545 1721 1582 enim
1742 1550 1826 1582 orat

214 1612 434 1672 ἓῖξξξζὴοῖξξξο
495 1619 656 1658 ecclesia
686 1631 727 1656 se
759 1618 811 1655 sic
843 1617 1004 1654 transire
1029 1629 1097 1666 per
1123 1617 1228 1654 bona
1257 1617 1483 1666 temporalia
1507 1622 1547 1654 ut
1570 1628 1651 1654 non
1678 1615 1826 1653 amittat

214 1679 485 1746 ξ’ξῗξέξξὲῐξξξτὲιρ)
495 1697 638 1736 eterna,
663 1702 742 1727 non
763 1688 1012 1738 intelligendo
1031 1701 1100 1737 per
1126 1687 1353 1737 temporalia
1376 1687 1529 1724 virtutes
1546 1688 1559 1708 2
1584 1693 1713 1736 partes
1740 1699 1824 1724 cor-
1841 1705 1881 1726 20

494 1762 597 1811 poris
617 1761 777 1798 humani
797 1766 862 1797 aut
882 1766 1010 1809 partes
1031 1759 1103 1796 celi
1127 1771 1215 1796 cum
1242 1759 1506 1796 accidentibus
1526 1765 1563 1796 et
1582 1758 1759 1795 minuciis
1782 1770 1827 1795 ae

494 1832 722 1881 corporibus
749 1830 997 1880 simplicibus,
1020 1842 1135 1879 super
1155 1830 1323 1879 quelibet
1344 1842 1424 1867 non
1453 1829 1555 1867 cadit
1575 1829 1693 1866 civilis
1712 1828 1827 1866 racio.

495 1903 576 1941 Isto
597 1902 800 1951 supposito
820 1908 924 1951 patet
947 1901 1147 1939 conclusio
1171 1913 1219 1938 eo
1240 1900 1346 1950 quod
1366 1900 1493 1937 omnis
1514 1912 1582 1937 rex
1607 1899 1828 1938 dominatur

495 1987 610 2023 super
634 1979 717 2011 toto
744 1985 865 2023 regno
889 1985 972 2016 suo,
994 1972 1121 2010 omnis
1141 1972 1301 2010 clericus
1329 1971 1477 2021 legius3
1498 1970 1597 2020 regis
1626 1982 1716 2008 cum
1744 1976 1827 2008 tota

494 2044 739 2094 possessione
769 2056 839 2081 sua
868 2050 924 2081 est
949 2055 1039 2092 pars
1068 2043 1187 2092 regni,
1207 2055 1302 2091 ergo
1323 2042 1543 2080 dominatur
1563 2053 1677 2090 super
1698 2041 1824 2078 omni·
1840 2058 1878 2090 25

495 2117 567 2153 bus
586 2116 677 2152 istis.
735 2115 856 2152 Aliter
884 2114 986 2152 enim
1017 2113 1141 2151 forent
1168 2114 1207 2150 in
1234 2125 1355 2163 regno
1386 2119 1422 2149 et
1449 2125 1529 2150 non
1551 2112 1598 2149 de
1619 2112 1683 2149 illo
1704 2124 1826 2161 regno

497 2199 570 2224 nec
590 2198 677 2236 pars
698 2186 790 2231 eius,
812 2186 902 2235 quia
921 2198 989 2234 per
1010 2197 1050 2222 se
1072 2191 1208 2222 notum
1228 2190 1285 2221 est
1306 2183 1411 2233 quod
1435 2189 1561 2221 totum
1581 2195 1746 2232 regnum
1767 2189 1826 2220 est

217 2264 445 2324 ssxgiffiitrffalasover
497 2257 590 2294 illud
617 2257 722 2306 quod
742 2257 921 2293 terminat
945 2255 1180 2305 adequatum
1200 2255 1300 2304 regis
1326 2255 1553 2292 dominium.
1609 2254 1660 2291 Et
1685 2260 1727 2291 ut
1755 2254 1828 2291 ista

218 2307 467 2398 2}s{ss{5{ffent
499 2328 696 2366 conclusio
734 2328 858 2377 magis
896 2333 1080 2376 appareat
1118 2326 1287 2376 adiungo
1325 2326 1485 2364 terciam
1523 2325 1826 2369 conclusionem,

219 2399 458 2464 ξξὲῑζέὲζῃξῗῃέᾗῑ
499 2400 605 2448 quod
634 2399 732 2437 sicut
758 2398 963 2448 prepositi⁴
987 2398 1199 2446 spirituales
1230 2410 1277 2435 ex
1307 2397 1515 2447 prudencia
1540 2397 1597 2434 sui
1628 2396 1825 2446 regiminis
1840 2412 1880 2443 30

219 2467 445 2534 ᾗζέῗὶἑξῐξξξζξγ
500 2477 587 2507 sunt
606 2469 847 2519 prosperitati
867 2481 1075 2518 regnorum
1096 2469 1181 2518 plus
1201 2469 1321 2515 utiles,
1343 2468 1395 2506 sic
1415 2468 1595 2517 prepositi
1616 2467 1826 2516 spirituales

218 2534 395 2594 ξξξξζζξοξξθ
408 2533 486 2559 Chief
501 2542 539 2578 in
564 2541 637 2578 isto
657 2540 844 2589 regimine
870 2552 917 2577 ex
938 2539 1161 2589 ignorancia
1186 2540 1371 2589 scripture
1392 2539 1449 2577 vel
1474 2551 1588 2576 causa
1608 2539 1682 2575 alia
1705 2538 1825 2587 negli-

219 2611 252 2643 (ἱ)
267 2611 321 2636 ΡΜ
336 2608 464 2642 spiritual
500 2619 635 2662 gentes
655 2618 744 2649 sunt
765 2623 973 2660 regnorum
993 2611 1161 2660 precipui
1182 2611 1407 2660 proditores.
1464 2610 1592 2647 Prima
1613 2622 1702 2659 pars
1722 2615 1827 2658 patet

220 2653 371 2677 governors
384 2644 456 2668 have

220 2677 491 2744 {gfssisslriggffihg
502 2697 548 2721 ex
565 2683 638 2720 hoc
655 2682 760 2732 quod
779 2682 874 2719 tales
893 2681 1079 2731 prepositi
1099 2681 1290 2719 efficacius
1311 2682 1453 2719 docent
1475 2680 1649 2718 subditos
1670 2680 1826 2717 obedire

588 2780 596 2798 ¹
622 2780 778 2820 visibilia,
795 2787 826 2811 Β.
1025 2779 1037 2796 ²
1059 2783 1196 2817 vertens,
1215 2788 1245 2810 Α.
1441 2777 1451 2794 ²³
1474 2778 1559 2819 regis
1574 2776 1689 2818 legius,
1707 2785 1737 2808 B.

1038 2831 1046 2847 ¹
1072 2831 1237 2872 preposui,
1254 2838 1287 2861 Α.
