2051 3299
165 178 248 232 136
860 185 924 216 DE
957 184 1152 218 oFF1cro
1185 183 1341 216 REors.

441 289 594 328 dotacio
622 289 709 327 facit
735 290 840 339 quod
870 290 1035 339 dignitas
1064 289 1310 327 sacerdotalis
1339 288 1386 325 sit
1410 287 1544 334 maior,
1566 299 1655 325 cum
1676 294 1769 325 tunc

440 361 561 399 nostri
599 361 771 410 episcopi
808 361 848 397 in
879 360 954 398 hoc
989 360 1218 398 excederent
1253 365 1428 396 sanctum
1458 359 1624 396 Petrum.
1680 359 1772 395 Plus

441 431 556 481 igitur
575 431 671 469 foret
691 443 850 469 necesse
870 432 952 480 regi
973 438 1009 469 et
1030 443 1151 480 regno
1179 430 1384 479 disponere
1414 436 1549 467 contra
1579 441 1773 478 expensas

443 501 788 539 extraordinarias1
810 503 1055 551 superiorumv
1069 501 1295 539 clericorum
1316 513 1433 550 quam
1454 506 1589 538 contra
1610 500 1772 537 culicem

443 573 676 622 simplicium
696 573 950 611 sacerdotum.
1008 573 1103 610 Ideo
1124 571 1231 621 quod
1250 572 1302 608 illi
1327 571 1566 620 singulariter
1587 571 1626 607 in
1646 571 1774 608 stricto
1789 580 1807 612 5

444 644 636 694 stipendio
666 644 886 690 limitantur,
920 656 967 681 ex
999 643 1275 693 procuracione
1314 642 1547 692 potencioris
1577 641 1774 692 presbiteri

444 715 589 753 carceri
622 715 903 765 mancipantur,
934 721 971 752 et
999 714 1258 762 multipliciter
1284 726 1353 763 per
1380 713 1500 751 laicos
1530 713 1773 762 castigantur,

443 798 525 824 non
562 787 679 833 racio,
711 786 780 824 sed
818 786 1080 823 mammonica
1118 785 1283 822 racionis
1315 785 1524 834 depressio,
1556 784 1776 821 introducit.

444 856 561 894 Unde
587 869 673 894 reor
704 857 829 895 solum
859 869 927 894 eos
957 856 1018 893 isti
1049 856 1243 893 sentencie
1273 856 1535 894 contradicere
1556 855 1623 904 qui
1644 855 1774 891 sitiunt

445 928 660 965 dominium
680 928 737 965 vel
758 934 938 977 questum
960 927 1088 972 seculi,
1108 927 1148 963 in
1168 927 1276 965 cuius
1297 927 1451 975 signum
1472 925 1776 963 contradictores
1793 930 1833 951 10

444 998 540 1036 tales
560 1011 640 1036 non
665 1005 830 1047 querunt
859 998 932 1035 nisi
961 998 1000 1034 in
1030 998 1146 1035 altera
1175 998 1332 1035 istarum
1363 1008 1566 1034 causarum
1591 995 1777 1033 auxilium

164 1077 435 1144 ffisststtssssllffii'ffthis
445 1069 593 1107 brachii
622 1069 812 1107 secularis.
870 1068 920 1106 Et
950 1076 1138 1118 quantum
1159 1068 1208 1106 ad
1228 1080 1366 1105 omnes
1387 1068 1491 1117 leges
1512 1067 1573 1105 vel
1603 1067 1778 1103 raciones

164 1145 290 1177 through
303 1145 351 1177 lay
446 1141 486 1177 in
506 1141 731 1190 oppositum
758 1140 974 1189 alligandas
1002 1146 1108 1189 patet
1129 1139 1235 1188 quod
1258 1139 1444 1176 tolluntur
1464 1150 1532 1187 per
1561 1137 1649 1181 hoc,
1671 1136 1777 1186 quod

165 1178 307 1205 ministers
320 1178 402 1204 when

163 1212 368 1272 ξ’ἑξῃξὲξξῑὲἢέἂῃ
447 1225 515 1249 rex
550 1224 630 1249 non
669 1211 784 1249 debet
818 1211 887 1248 hec
921 1211 1044 1248 facere
1078 1211 1117 1247 in
1151 1223 1320 1260 persona
1352 1210 1449 1248 laica
1478 1210 1550 1246 nisi
1577 1209 1779 1246 deficiente

164 1279 428 1345 {lffgr‘sssstssssoffi}
446 1283 622 1320 ministro
661 1295 732 1320 suo
772 1283 923 1328 clerico,
964 1282 1022 1319 vel
1060 1282 1090 1319 si
1129 1282 1292 1330 corrigat
1325 1294 1395 1330 per
1426 1281 1567 1318 laicum
1598 1280 1673 1318 hoc
1711 1280 1780 1317 erit
1796 1291 1835 1324 15

166 1345 385 1412 ξζεᾶἵζξξξιξάἓζῑ
445 1354 660 1392 secundum
688 1354 881 1403 disparem
910 1354 1120 1391 racionem.
1178 1353 1301 1390 Iudex
1331 1352 1435 1389 enim
1468 1352 1647 1389 secularis
1671 1351 1781 1400 punit

165 1412 429 1480 ξξέζζξξζζοζξῗξε
447 1432 647 1474 peccatum
667 1424 882 1462 secundum
903 1424 1100 1462 racionem
1120 1430 1255 1461 contra
1275 1424 1543 1472 perturbatum
1558 1422 1781 1471 reipublice,

167 1480 313 1513 kingdom,
328 1480 375 1505 the
507 1496 514 1503 .
772 1496 779 1502 .
845 1496 852 1502 .
1264 1495 1270 1502 .

166 1513 368 1553 ecelesiastical
448 1502 486 1533 et
505 1495 619 1533 mdex
646 1496 924 1533 eccleslasticus
954 1495 1166 1532 secundum
1196 1506 1392 1532 racionem
1423 1499 1557 1531 contra
1585 1494 1781 1530 turbatum

163 1547 429 1642 {gffffcffligntssithe
449 1567 620 1605 ecclesie.
688 1566 774 1604 Alie
806 1573 935 1603 autem
974 1573 1063 1603 sunt
1101 1565 1255 1614 argucie
1286 1564 1334 1602 de
1366 1564 1593 1602 confusione
1627 1564 1780 1602 iuridic-

215 1624 264 1641 ΠΥΩ
287 1635 293 1641 .

450 1638 608 1676 cionum
633 1650 709 1687 que
739 1650 820 1674 non
851 1644 938 1674 sunt
966 1637 1081 1686 digne
1112 1636 1321 1681 solucione,
1349 1648 1424 1673 nec
1453 1642 1570 1673 testes
1600 1635 1781 1672 credendi
1797 1647 1838 1668 20

450 1715 539 1746 sunt
559 1709 599 1746 in
615 1709 687 1746 ista
706 1709 865 1746 materia
885 1708 956 1745 nisi
977 1707 1023 1745 de
1045 1714 1190 1757 quanto
1207 1719 1246 1744 se
1267 1706 1507 1744 fundaverint
1528 1707 1567 1743 in
1584 1707 1782 1755 scriptura.

169 1780 379 1841 gggffilffactffii
450 1779 566 1817 Unde
582 1779 729 1817 videtur
749 1779 839 1816 mihi
856 1779 963 1828 quod
983 1791 1049 1816 rex
1071 1779 1183 1815 debet
1202 1778 1380 1815 ordinare
1401 1784 1442 1815 ut
1461 1784 1542 1815 tota
1561 1776 1578 1796 '¹‘
1596 1777 1784 1827 peccunia
1795 1782 1953 1812 F01.142
1966 1789 1998 1811 a.

169 1847 441 1908 ῗξξίξζῖζνῖἳὲῗιῖῦπγ
453 1850 753 1888 extraordinaria
800 1862 919 1899 quam
966 1850 1100 1899 prelati
1142 1862 1165 1886 a
1204 1849 1307 1886 clero
1355 1849 1414 1885 vel
1462 1848 1561 1885 laico
1610 1848 1785 1885 subiecto

171 1916 293 1948 prelates
306 1915 379 1940 have

171 1949 291 1975 exacted
304 1949 375 1974 from

170 1982 419 2047 {ffiii‘ssffiffssJ-{Css
454 1992 663 2038 distributa,
688 1992 746 2029 vel
778 1992 894 2029 docto
926 1991 975 2028 de
1006 1991 1226 2028 extorsione
1259 1990 1365 2040 quod
1396 1990 1443 2027 sit
1471 1990 1522 2026 illi
1552 1990 1618 2038 qui
1644 1990 1783 2038 patitur
1797 2009 1834 2041 25

174 2050 275 2076 should
288 2049 322 2075 be
335 2049 425 2074 either
455 2063 462 2070 ·
497 2064 503 2071 .
555 2063 562 2070 .
741 2063 747 2069 .
1074 2062 1080 2068 .
1313 2061 1319 2068 .
1388 2061 1395 2068 .
1759 2061 1765 2067 .

172 2083 359 2116 ἔςνθῃῑοὼε
373 2075 631 2115 poor1n1ur1am
660 2069 844 2100 restltuta.
902 2062 1023 2108 Quod
1053 2074 1082 2099 sl
1112 2062 1280 2111 prelatus
1310 2061 1514 2098 iustificare
1545 2072 1626 2097 non
1647 2060 1784 2098 suffic1t

172 2126 204 2143 or
216 2116 365 2143 resunded.

454 1921 640 1971 colligunt
660 1921 706 1959 sit
726 1921 959 1971 pauperibus
979 1921 1066 1966 suis,
1083 1921 1222 1970 quibus
1241 1919 1409 1957 multatis
1428 1919 1628 1956 iniuriatus
1649 1918 1783 1965 fuerat,

453 2140 578 2172 currat
597 2133 637 2170 in
657 2145 747 2171 eum
768 2133 829 2170 lex
850 2133 950 2182 regis
971 2132 1018 2170 de
1039 2132 1180 2178 debito,
1204 2132 1255 2169 sic
1278 2132 1384 2182 quod
1403 2132 1529 2180 ipsum
1549 2131 1784 2169 convincens

451 2203 659 2254 reportet*
683 2203 870 2253 duplum2
901 2203 950 2240 ad
980 2204 1211 2252 peccuniam
1241 2202 1406 2240 levatam
1439 2203 1485 2240 de
1513 2202 1677 2248 subdito,
1709 2214 1783 2252 que
1795 2215 1842 2244 30
1860 2213 1896 2244 b.

452 2276 699 2313 distribuatur
736 2274 982 2325 pauperibus.
1058 2273 1174 2310 Tunc
1213 2273 1317 2311 enim
1359 2273 1524 2310 discerni
1571 2273 1713 2322 poterit
1753 2273 1784 2310 si

453 2347 622 2384 multans
643 2346 689 2383 sit
708 2345 794 2396 plus
810 2345 969 2382 affectus
989 2345 1178 2394 peccunie
1199 2356 1317 2393 quam
1338 2343 1448 2381 saluti
1469 2344 1595 2381 anime
1623 2343 1783 2381 subiecti
1796 2357 1837 2388 30

454 2424 492 2457 et
512 2424 770 2468 purgamento
789 2417 897 2466 regni
918 2429 940 2453 a
960 2416 1128 2454 crimine.
1187 2415 1292 2452 Nam
1319 2415 1425 2453 aliter
1453 2415 1665 2453 simoniace
1695 2414 1787 2452 facit

456 2489 611 2534 furtum,
649 2493 688 2525 et
724 2488 878 2525 aliunde
917 2487 1083 2536 providit
1121 2499 1187 2524 rex
1226 2486 1365 2523 talibus
1403 2485 1481 2523 suis
1518 2485 1707 2523 officiariis
1746 2485 1785 2522 in

456 2559 748 2609 temporalibus,
783 2559 870 2597 licet
907 2559 1011 2596 bona
1049 2570 1264 2607 pauperum
1301 2557 1351 2594 ad
1389 2556 1604 2594 fomentum
1642 2555 1788 2605 peccati

500 2676 512 2695 ¹
535 2677 769 2714 exordinarias,
786 2684 819 2707 A.
923 2674 935 2692 ²
958 2676 1002 2706 In
1027 2675 1185 2716 inferiori
1206 2684 1311 2715 marg.
1335 2674 1439 2715 ltujus
1456 2674 1602 2714 paginae
1627 2683 1648 2703 a
1670 2673 1787 2713 prima

457 2739 562 2760 manu
586 2729 661 2760 haec
685 2728 782 2759 verba
807 2728 930 2768 scrz'pla
954 2731 1054 2757 sunt:
1081 2727 1169 2758 Vasa
1192 2725 1283 2767 figuli
1307 2727 1423 2767 probat
1447 2725 1561 2756 fornax
1583 2729 1614 2756 et
1637 2724 1787 2755 homines

458 2782 563 2813 iustos
578 2780 757 2821 temptacio
773 2778 1010 2817 tribulacionis‚
1029 2786 1059 2809 Β.
