2051 3299
155 231 233 270 118
852 240 916 270 DE
949 239 1143 271 OFFICIO
1177 239 1330 271 REGIS.

432 343 587 381 haberet
612 344 650 380 in
677 344 841 381 claustro
868 351 1072 393 temptator
1099 345 1220 381 nescit
1246 344 1277 381 si
1302 343 1511 392 disposicio
1532 355 1601 379 sua
1621 343 1668 379 sit
1689 341 1759 378 illis

433 415 629 461 contraria,
659 421 695 451 et
725 415 778 452 sic
808 427 855 452 ex
881 416 1034 452 introitu
1065 415 1229 452 deterius
1255 415 1325 452 sibi
1352 415 1600 463 contingeret.
1659 413 1761 450 Cum

432 486 544 534 igitur
574 497 741 534 persona
769 492 952 534 temptata
982 487 1052 523 scit
1079 486 1215 523 melius
1244 492 1386 523 statum
1415 485 1614 534 proprium
1644 496 1761 533 quam

433 557 517 594 talis
551 568 706 602 vocans,
741 557 886 593 videtur
921 557 1026 606 quod
1060 562 1219 606 temptat
1250 556 1471 605 proximum
1505 555 1761 604 inprudenter.

154 636 284 701 Ξτὲρξὲιὲ
295 634 414 693 ξὴεέξὲῑ
434 628 579 674 Querat
600 627 710 676 igitur
729 635 885 665 vocatus
909 628 938 665 si
962 640 1008 665 eo
1029 628 1114 677 ipso
1135 640 1212 677 quo
1234 628 1347 664 intrat
1373 627 1562 675 privatum
1588 626 1762 663 ordinem
1777 639 1795 671 5

153 708 321 761 sshffffiaffssfi
332 703 413 760 ‘gfff‘
435 700 481 736 sit
508 698 735 747 disposicior
762 698 811 736 ad
837 699 1062 736 merendum
1076 711 1085 744 ;
1117 705 1154 735 et
1176 699 1205 735 si
1226 698 1384 747 quilibet
1408 697 1491 734 talis
1512 697 1608 734 ordo
1632 696 1678 733 sit
1697 707 1763 732 vo-

154 775 274 801 tempter
287 769 411 794 whether

155 803 193 835 by
206 803 253 828 the
266 811 340 827 mere
354 803 410 827 fact

155 837 187 862 of
197 842 327 861 entrance
342 836 376 860 he
390 835 412 861 is

434 777 519 807 cato
549 770 795 818 inpeltinens,
828 770 887 806 vel
925 782 1025 807 unus
1057 770 1242 807 celebrior
1276 775 1340 805 aut
1371 767 1690 812 conveniencior3
1730 772 1766 803 et

156 879 231 896 more
245 870 366 895 inclined
380 875 409 895 to
435 841 520 890 quis
549 841 631 887 ille3
672 846 708 877 et
737 841 852 878 credo
882 840 988 889 quod
1019 840 1198 877 secularis
1227 839 1397 876 manebit
1425 845 1610 888 perpetuo
1640 838 1680 874 in
1709 849 1766 874 re-

154 913 221 929 earn
236 903 315 928 merit
325 910 331 933 ;

155 935 403 962 whetheritisin,
434 912 576 961 ligione
597 912 778 961 primeva,
804 912 835 948 si
859 923 939 948 non
963 911 1106 960 obliget
1133 923 1172 948 se
1200 917 1407 959 antequam
1433 910 1518 947 talis
1546 909 1693 959 questio
1721 908 1767 945 sit

155 970 398 1033 ἓξῖξζῖῗςζξξζῃ,
436 983 580 1021 edocta.
639 982 708 1019 Ille
738 989 866 1019 autem
896 983 962 1031 qui
996 982 1143 1019 seducit
1174 982 1329 1031 ignaros
1358 980 1621 1030 promittendo
1651 980 1767 1016 vitam
1784 1001 1822 1023 10

156 1038 389 1097 ἓξάζῗῗζῇξζῑῗεῖἓ
436 1054 705 1102 voluptuosam
723 1053 1008 1099 dominativam‚
1026 1053 1083 1089 vel
1105 1053 1179 1089 alio
1200 1052 1403 1089 mendacio
1424 1052 1570 1089 seducit
1590 1051 1765 1096 inscium,

156 1104 423 1164 {Pssgffissffvaffe
437 1125 619 1162 demonio
650 1124 862 1162 meridiano
894 1124 1103 1173 phariseice
1132 1123 1308 1160 faciendo
1338 1123 1542 1160 divisiones
1575 1128 1612 1160 et
1646 1129 1769 1159 sectas

157 1173 220 1198 who
234 1172 314 1197 waits
326 1172 368 1197 for

157 1206 236 1265 {Eegg
248 1205 393 1265 ἓὲξᾷπέῗέἓ
438 1209 485 1233 ex
515 1196 586 1232 sibi
616 1195 744 1241 dubio,
775 1195 923 1244 peiorat
952 1194 1188 1243 proselitum.
1245 1193 1402 1240 Ymmo,
1434 1206 1524 1230 cum
1556 1193 1769 1231 secundum

158 1273 213 1298 will
228 1282 312 1298 never
325 1278 404 1298 enter
438 1269 592 1304 beatum
612 1266 873 1315 Augustinum
899 1266 938 1302 in
959 1266 1019 1303 De
1041 1266 1305 1314 questionibus
1331 1265 1464 1302 veteris
1485 1271 1521 1301 et
1542 1277 1641 1301 nove
1661 1264 1767 1314 legis,
1782 1270 1867 1310 Aug.
1886 1269 1937 1300 De

159 1312 187 1332 at
201 1307 246 1332 all.
1783 1313 1896 1353 Quest.
1911 1312 1986 1343 Vet.

1782 1362 1813 1387 et
1830 1357 1918 1387 Nov.

439 1410 574 1447 ductus
597 1407 615 1427 '¹‘
638 1409 676 1445 in
704 1420 772 1445 sua
796 1408 1034 1457 professione
1064 1420 1143 1445 non
1172 1408 1339 1445 offerens
1368 1408 1483 1456 gratis
1514 1414 1551 1445 et
1579 1407 1771 1444 meritorie
1785 1400 1874 1483 {Gest-

1849 1462 1880 1483 a.

437 1339 609 1376 Libertas
646 1338 950 1374 contradz'cczbm's
987 1338 1146 1386 adauge!
1182 1337 1361 1382 merilum,
1396 1336 1541 1373 videtur
1574 1335 1679 1385 quod
1713 1347 1770 1372 se-

160 1487 282 1547 ᾒΐξῑίζζ
276 1489 324 1552 yn}
326 1487 428 1546 ἔῗέξειι
440 1481 587 1529 lignum
608 1486 645 1516 et
665 1479 842 1525 fructum,
864 1486 899 1517 et
920 1479 1100 1516 continue
1123 1486 1211 1528 post
1237 1479 1487 1516 necessitatus
1514 1491 1560 1516 ex
1588 1491 1656 1516 sua
1683 1491 1772 1527 pro-

161 1564 228 1619 {ffi‘
240 1555 406 1614 {tl-6232&
440 1551 607 1588 sessione
636 1551 836 1588 temeraria
865 1550 914 1587 ad
943 1550 1035 1587 ritus
1065 1550 1283 1587 huiusmodi
1313 1550 1610 1595 observandum,
1637 1556 1703 1596 est,
1731 1555 1773 1585 ut

161 1623 258 1648 mesit-
296 1622 418 1647 ThUSffl
443 1622 527 1668 sic¹‚
551 1622 817 1670 indisposicior
833 1621 881 1658 ad
895 1621 1132 1658 merendum.
1177 1621 1334 1658 Servent
1351 1622 1463 1670 igitur
1478 1622 1643 1670 religiosi
1659 1622 1773 1658 ritum

162 1661 431 1687 enteramonastery

162 1690 259 1715 makes
272 1689 292 1714 it
305 1689 407 1714 harder

163 1729 192 1749 to
205 1732 271 1749 eam
285 1722 375 1749 merit·
442 1701 644 1743 paternum
661 1705 759 1743 quos
775 1699 922 1730 tantum
939 1693 1148 1730 comendat
1169 1692 1208 1728 in
1228 1692 1402 1741 ingressu
1423 1692 1462 1728 in
1482 1692 1667 1737 ordinem,
1684 1704 1772 1741 pro·
1788 1696 1828 1717 20

442 1777 576 1814 gressu
605 1764 773 1802 tenendo
796 1764 982 1810 ordinem,
1013 1770 1049 1801 et
1079 1775 1235 1812 egressu
1264 1763 1536 1801 comendando
1563 1763 1737 1800 ordinem
1751 1760 1774 1808 ²,

444 1843 481 1873 et
502 1836 682 1872 iuvabunt
703 1835 751 1872 ad
772 1835 992 1884 primariam
1012 1835 1208 1872 unitatem.

897 2039 1221 2077 CAPITULUM
1253 2040 1322 2076 VI.

168 2161 220 2185 We
234 2161 304 2219 135„ae
317 2168 379 2218 {ow
394 2164 422 2185 to
501 2145 582 2182 PRO
604 2145 737 2181 maiori
763 2144 1026 2182 declaracione
1056 2145 1246 2182 dictorum
1276 2150 1392 2181 restat
1421 2143 1559 2181 clarius
1580 2143 1704 2181 videre
1729 2143 1775 2181 de

168 2203 243 2220 COssSl
267 2199 318 2219 ert
342 2202 355 2218 Ε
370 2203 415 2218 ΒΧ-

168 2227 420 2258 tentostheroyal
446 2216 667 2254 extensione
706 2216 973 2253 iurediccionis
1010 2216 1161 2265 regalis,
1202 2227 1280 2265 quo
1328 2215 1377 2252 ad
1425 2215 1563 2260 locum,
1604 2227 1681 2263 quo
1729 2215 1777 2252 ad

165 2262 389 2327 Jsssgffgsstgfgcssf
446 2288 645 2325 materiam
677 2294 713 2325 et
742 2287 791 2324 ad
821 2299 988 2325 causam.
1048 2287 1148 2324 Cum
1180 2287 1284 2323 enim
1312 2286 1518 2323 iurediccio
1539 2298 1619 2323 non
1640 2286 1686 2323 sit
1706 2286 1777 2323 nisi

168 2328 350 2388 Effigrand
447 2359 571 2397 diccio
604 2360 693 2396 iuris
720 2359 780 2396 dei
808 2365 913 2408 patet
942 2359 1047 2408 quod
1078 2359 1244 2408 quedam
1274 2364 1330 2395 est
1359 2358 1518 2395 actualis
1548 2364 1584 2395 et
1611 2357 1777 2407 quedam
1793 2368 1831 2400 ²5

447 2431 660 2476 habitualis,
682 2443 755 2480 que
776 2430 923 2466 videtur
944 2441 1025 2466 esse
1047 2436 1215 2478 potestas
1236 2429 1285 2466 ad
1305 2429 1577 2478 exequendum
1597 2428 1778 2477 legittime

449 2503 529 2539 iura
568 2501 640 2547 dei,
681 2502 756 2538 sive
795 2501 834 2537 in
873 2501 957 2538 foro
1006 2500 1176 2547 seculari,
1213 2500 1289 2537 sive
1327 2499 1523 2549 spirituali,
1564 2500 1778 2536 secundum

449 2573 668 2609 varietatem
691 2571 708 2590 *
731 2572 975 2609 brachiorum
997 2572 1169 2609 ecclesie.
1226 2571 1285 2608 Ex
1309 2583 1388 2621 quo
1408 2577 1512 2620 patet
1532 2571 1637 2620 quod
1657 2577 1780 2619 preter
1793 2578 1952 2610 F01.137
1965 2586 1997 2607 a.

452 2644 666 2681 subiectum
705 2643 910 2680 iurediccio
949 2643 1205 2680 individuatur
1245 2655 1266 2679 a
1306 2643 1405 2688 loco,
1441 2655 1463 2679 a
1501 2642 1645 2691 populo
1683 2649 1719 2679 et
1758 2654 1780 2678 a

453 2727 579 2752 causa.
638 2714 722 2752 Nec
761 2714 920 2751 dubium
959 2714 1053 2764 quin
1090 2720 1260 2763 potestas
1300 2714 1567 2751 iurediccionis
1602 2714 1701 2763 regis
1740 2726 1778 2751 se
1795 2728 1837 2759 30

509 2834 517 2851 ¹
544 2833 590 2864 sic
606 2843 686 2864 corr.
706 2833 792 2864 Echi.
804 2837 866 2873 pro
879 2832 929 2869 sit,
948 2840 980 2862 A.
1084 2832 1095 2849 ²
1118 2831 1263 2863 ordinem
1274 2837 1347 2873 post
1363 2832 1599 2872 comendando,
1617 2842 1677 2864 om.
1697 2840 1730 2863 A.
