2051 3299
686 268 751 299 DE
784 268 980 299 OFFICIO
1014 267 1169 299 REGIS.
1790 271 1866 300 211

263 372 404 410 diaboli
425 372 650 421 temporalia
670 373 752 421 ipsa
774 379 960 410 venenata
979 379 1156 422 potenter
1175 373 1333 421 eripere,
1352 380 1387 409 et
1409 373 1456 409 ad
1478 385 1588 409 usum
1604 379 1767 439 ffiifflsshcffi]
1770 385 1871 439 33¹1}ss

263 455 380 493 quem
401 442 550 480 Cristus
571 443 729 480 instituit
753 440 972 494 [deputare]
987 441 999 461 ¹
1021 444 1173 480 sinistro
1195 443 1352 481 brachio
1380 456 1450 480 suo
1470 445 1589 481 active

43 523 93 552 44
110 530 141 552 a.
262 514 399 551 viventi
415 512 429 532 2
451 513 745 551 sollicitudinem
765 520 801 550 et
831 526 961 550 curam
981 513 1252 562 temporalium
1273 521 1523 563 temperatam
1547 513 1564 533 *
1582 527 1591 560 ;

262 585 418 622 brachio
438 597 529 621 vero
550 585 686 621 dextro
708 590 744 621 et
763 585 961 633 potissime
992 584 1092 621 clero
1123 585 1418 633 contemplative
1440 585 1590 631 viventi,

229 662 245 692 5
261 656 478 705 postposita
510 656 582 692 ista
619 655 845 692 turbacione
884 656 985 692 circa
1024 655 1230 701 sensibilia,
1261 663 1383 693 totam
1424 657 1589 694 solicitu-

260 727 390 764 dinem
406 738 514 763 suam
535 726 574 762 in
594 738 715 762 unum
736 726 920 774 proficere
930 726 953 771 3,
970 739 1040 763 nec
1058 733 1183 775 preter
1203 727 1282 764 eius
1304 728 1588 775 providenciam

259 798 383 835 eciam
422 809 543 846 usque
576 798 615 834 in
647 798 858 835 crastinum
890 797 1004 833 aliam
1036 798 1280 835 securitatem
1313 799 1351 834 in
1382 799 1460 835 istis
1491 805 1587 836 tem-

41 878 131 910 Luke
148 890 177 911 x,
257 869 451 917 poralibus
472 874 703 917 exspectare.
762 868 872 905 Patet
903 869 973 905 ista
994 869 1089 905 fides
1120 867 1225 906 Luce
1251 882 1297 906 10
1325 875 1360 906 et
1391 869 1529 906 Matth.
1553 872 1586 906 6.

42 922 137 954 Matt.
157 923 198 953 vi.

42 974 92 1006 34·
256 938 325 976 Est
349 945 392 975 20
413 939 506 976 fides
527 939 684 976 ecclesie
706 940 813 989 quod
842 939 980 976 melius
1003 939 1099 976 foret
1125 940 1195 976 sibi
1221 940 1314 988 poni
1335 940 1373 976 in
1394 940 1466 977 isto
1488 947 1587 977 statu

205 1019 244 1042 10
258 1022 374 1058 quem
409 1010 556 1047 Cristus
596 1010 753 1047 instituit
792 1022 911 1059 quam
953 1010 990 1046 in
1028 1016 1128 1046 statu
1166 1023 1323 1047 cesareo
1358 1023 1437 1060 quo
1473 1011 1587 1048 stulta

257 1081 394 1128 pietate
427 1081 630 1118 ecclesiam
662 1081 870 1118 venenavit.
943 1080 992 1117 Et
1026 1094 1073 1118 ex
1108 1082 1178 1118 ista
1212 1082 1286 1118 fide
1321 1082 1462 1130 duplici
1495 1082 1580 1119 licet
1598 1092 1696 1118 Hence
1710 1102 1820 1126 amyone

1593 1126 1656 1152 who
1669 1135 1720 1152 can
1734 1136 1799 1159 may

255 1151 400 1200 potenti
430 1158 652 1189 constanter
672 1152 879 1201 prudenter
898 1158 934 1189 et
954 1152 1014 1201 pie
1041 1164 1199 1190 omnem
1220 1153 1462 1190 dotacionem
1493 1153 1581 1190 cleri
1596 1159 1853 1219 glisssssffledgvffiay

1787 1204 1803 1220 O
1816 1204 1830 1220 Ε

255 1234 450 1273 cesaream
489 1223 668 1260 audacter
697 1223 935 1271 disrumpere
965 1229 1001 1259 et
1037 1229 1198 1260 matrem
1232 1235 1341 1260 suam
1377 1224 1415 1259 in
1451 1224 1584 1261 ordine
1598 1226 1853 1287 ffiffirssssltiessdow'

255 1305 371 1342 quem
403 1293 550 1331 Cristus
584 1294 742 1331 instituit
778 1294 978 1332 collocare.
1037 1293 1140 1330 Nam
1176 1294 1249 1330 isto
1284 1294 1402 1331 modo
1437 1294 1585 1331 Cristus
1598 1294 1702 1327 clesgy-

204 1369 240 1399 15
256 1367 521 1404 denuncciavit
538 1367 708 1404 fiendum
726 1366 988 1404 sacerdotibus
1009 1366 1103 1415 legis
1124 1367 1259 1402 veteris
1280 1378 1348 1415 per
1369 1367 1584 1415 prophetas.

256 1437 435 1475 Secundo
460 1444 548 1487 post
568 1450 701 1476 eorum
722 1438 1043 1487 reprobacionem
1074 1444 1225 1474 acutam
1252 1444 1288 1474 et
1315 1438 1584 1475 ascensionem

252 1509 333 1545 eius
362 1509 401 1545 in
429 1508 553 1546 celum
582 1508 751 1557 implevit
781 1508 833 1545 sic
866 1521 933 1557 per
953 1508 1050 1545 duos
1078 1507 1273 1556 principes
1304 1507 1583 1545 Romanorum.

39 1579 81 1613 Q.
253 1578 394 1616 Tercio
423 1591 525 1626 vero,
548 1579 689 1617 invidia
718 1579 860 1616 diaboli
891 1579 965 1616 alio
994 1578 1178 1615 Romano
1205 1578 1378 1627 principe
1405 1578 1454 1615 ad
1480 1578 1583 1616 dete-

252 1649 476 1687 riorandum
514 1650 718 1687 ecclesiam
758 1650 964 1699 sophistice
1003 1655 1196 1694 excecato,
1236 1649 1398 1698 pertinet
1437 1649 1584 1686 eisdem

201 1720 502 1769 20principibus,
537 1728 574 1758 et
609 1720 843 1769 originaliter
882 1721 1051 1769 anglicis,
1092 1726 1214 1757 errata
1253 1721 1453 1769 corrigere,
1487 1721 1583 1757 sicut

252 1792 487 1841 prophetant
507 1798 544 1828 et
565 1804 613 1828 ex
640 1791 806 1841 antiquis
833 1791 1042 1841 prophetiis
1071 1791 1326 1828 denuncciant
1347 1791 1417 1829 illis
1444 1791 1583 1841 quibus

35 1858 115 1890 Mal.
136 1859 216 1896 ὶῖ-Ῑ,
250 1862 383 1900 datum
421 1869 478 1899 est
515 1875 748 1911 cognoscere
782 1864 876 1912 per*
910 1862 1143 1911 prophetias.
1202 1862 1305 1899 Nam
1342 1862 1496 1900 Malach
1538 1868 1580 1898 20
1595 1866 1721 1892 Malachi
1734 1876 1797 1899 pro-

37 1911 52 1932 2
60 1926 66 1933 .
1593 1900 1707 1932 phesied
1721 1902 1782 1927 that
1796 1901 1859 1928 God

250 1933 445 1971 scribitur:
480 1933 538 1969 Et
567 1946 666 1970 nunc
699 1934 751 1970 ad
781 1947 843 1970 vos
878 1934 1093 1970 mandatum
1124 1933 1199 1978 hac,
1231 1946 1250 1969 o
1283 1934 1507 1970 sacerdotes:
1547 1934 1859 2001 SisssslsslffiffisscrlieIssk

249 2005 440 2041 nolueritis
470 2005 610 2050 audire,
643 2008 677 2041 et
704 2005 742 2040 si
767 2006 958 2041 nolueritis
987 2006 1166 2052 imponere
1194 2011 1303 2053 super
1331 2018 1395 2041 eor
1423 2010 1465 2041 ut
1491 2006 1579 2042 detis
1590 2001 1857 2067 Eggfl'tffi‘iirabigff

199 2091 236 2122 25
243 2076 408 2123 gloriam
430 2076 575 2112 nomini
597 2088 679 2120 meo,
701 2077 758 2112 ait
782 2076 950 2111 dominus
979 2077 1220 2119 exercituum,
1243 2077 1383 2111 mittam
1411 2078 1451 2112 in
1480 2068 1661 2113 vobisingS·

250 2151 446 2194 egestatem,
476 2150 509 2182 et
539 2147 750 2183 maledicam
785 2146 1089 2183 benedz'cczonibus
1123 2148 1265 2192 vestris,
1301 2151 1335 2182 et
1366 2148 1578 2184 maledicam

251 2217 337 2262 illis,
358 2218 531 2265 quoniam
551 2229 623 2253 non
633 2218 813 2266 posuistis
833 2223 942 2265 super
962 2230 1035 2253 cor.
1084 2216 1179 2253 Ecce
1198 2230 1259 2266 ego
1270 2219 1458 2266 proiciam
1480 2219 1579 2255 vobis

251 2287 456 2333 brachium,
479 2291 512 2323 et
529 2288 737 2335 dispergam
762 2295 872 2336 super
892 2289 1031 2324 vultum
1052 2292 1211 2324 vestrum
1231 2292 1369 2325 stercus
1387 2290 1578 2337 solempm:

249 2362 364 2394 tatum
394 2362 613 2395 vestrarum.
683 2357 827 2395 Notum
859 2365 925 2404 est,
957 2359 1128 2408 inquam,
1159 2359 1265 2408 quod
1295 2359 1362 2396 iste
1391 2359 1578 2408 propheta

194 2443 236 2473 30
249 2436 284 2465 et
304 2429 378 2474 alii,
401 2429 468 2465 sed
489 2428 635 2466 Cristus
659 2429 850 2478 precipue,
877 2429 1101 2466 invexerunt
1125 2429 1279 2466 acucius
1303 2437 1436 2467 contra
1456 2431 1574 2467 avari-

250 2500 348 2536 ciam
384 2499 635 2536 sacerdotum.
694 2499 817 2536 Nobis
853 2507 980 2537 autern
1015 2512 1095 2537 non
1124 2507 1275 2549 oportet
1303 2501 1393 2537 dare
1423 2501 1472 2538 ad
1501 2501 1575 2539 hoc

250 2569 471 2619 prophetias
491 2577 664 2607 recentes
684 2583 772 2607 cum
793 2570 892 2607 facta
918 2578 955 2608 et
982 2571 1080 2608 dicta
1108 2572 1264 2620 antiqua
1294 2572 1382 2609 satis
1412 2572 1576 2609 edocent

250 2641 450 2689 quomodo
480 2647 535 2678 est
562 2641 766 2690 agendum.
826 2641 989 2690 Oportet
1015 2642 1118 2679 enim
1145 2643 1262 2679 instar
1289 2649 1424 2680 nature
1444 2643 1575 2692 paula-

249 2711 323 2748 tive
351 2723 464 2760 agere
491 2712 707 2750 secundum
733 2712 835 2761 leges
858 2712 1029 2757 ecclesie,
1050 2718 1087 2749 et
1113 2713 1325 2761 specialiter
1351 2713 1454 2762 leges
1481 2714 1577 2750 reci-

294 2797 306 2817 1
330 2798 510 2839 deputavit,
553 2807 604 2836 A;
657 2799 809 2836 instituit,
847 2807 892 2836 B;
945 2798 1094 2837 instituit,
1144 2799 1311 2840 deputare,
1359 2810 1438 2830 corr.
1489 2800 1576 2831 Edd.

287 2849 427 2889 vivendi,
450 2858 485 2883 A.
589 2849 600 2866 ³
624 2851 732 2892 picem
750 2856 813 2891 pro
837 2851 991 2892 proicere,
1016 2859 1049 2882 A.
1154 2850 1165 2867 4
1189 2862 1249 2881 om.
1274 2862 1341 2892 per,
1367 2859 1402 2882 A.

877 2919 898 2942 P
923 2919 939 2942 2

251 2848 263 2865 2
