2051 3299
169 203 249 245 170

165 319 236 351 well,
250 319 344 344 rather

166 353 235 378 than
246 353 282 378 do
294 361 400 384 wrong,

166 387 221 411 and
235 393 283 417 yet
301 386 340 418 by

166 420 223 445 this
236 420 288 444 law
301 420 336 444 he

166 459 239 478 must
254 454 288 478 be
305 461 373 485 pun-

167 486 246 512 ished
260 486 328 511 with
344 486 437 518 impri-

867 203 931 234 DE
963 204 1157 235 OFFICIO
1191 204 1345 236 REGIS.

446 309 540 357 pari,
567 321 660 357 ergo
691 309 805 346 debet
835 309 875 346 in
906 322 999 347 casu
1029 310 1156 360 puniri
1186 322 1257 359 pro
1287 323 1404 360 opere
1433 312 1638 358 meritorio,
1672 311 1779 362 quod

447 379 494 417 de
533 379 618 429 lege
657 380 718 417 dei
755 386 793 417 et
831 380 878 417 de
918 381 1002 429 lege
1041 381 1201 419 ecclesie
1236 382 1349 419 debet
1384 389 1603 420 constanter
1641 383 1777 420 facere.

451 450 527 487 Sed
564 450 650 498 quis
689 451 835 488 dubitat
880 452 973 500 quin
1010 451 1072 489 lex
1110 452 1330 490 huiusmodi
1377 453 1424 490 sit
1470 454 1629 503 iniqua?
1704 453 1778 490 As-

166 526 295 546 SOssmesst
317 520 436 557 because
450 527 648 570 sumptum
677 527 782 570 patet
814 529 856 558 20
885 522 1133 559 decretalium
1156 521 1174 542 '¹‘
1197 522 1258 560 De
1287 525 1517 561 restitucione
1538 525 1776 573 spoliatorum
1791 529 1838 558 36
1855 537 1886 559 0.

166 559 417 579 excommunicate.

167 631 298 657 Instance
311 631 343 657 of
351 631 416 657 how

446 593 613 642 capitulo
635 593 811 639 Litteras,
841 594 905 631 ubi
934 607 1037 643 papa
1065 596 1272 644 respondet
1300 595 1349 632 ad
1377 607 1510 633 casum
1538 597 1778 645 propositum
1791 570 1924 645 {ebore}

163 665 220 690 this
233 674 298 703 may
311 666 437 697 applyto
449 663 592 709 dicens,
626 665 733 714 quod
761 666 928 702 coniunx
958 666 1070 702 debet
1098 667 1138 703 in
1168 678 1260 703 casu
1289 667 1352 704 illo
1386 667 1521 716 pocius
1555 667 1779 704 excomuni-
1790 657 1857 688 Tit.
1875 657 1945 688 xiii.

163 707 180 723 a
194 708 331 731 marriage
344 699 390 724 be-

1790 710 1818 732 c.
1837 709 1887 740 13.

163 737 253 757 ‘Weess
272 731 648 772 partiesnoteaeionem
689 736 873 773 sustinere
920 736 1118 775 humiliter.
1179 736 1302 775 Casus
1350 745 1479 775 autem
1517 743 1590 775 stat
1628 738 1668 774 in
1705 737 1778 774 isto

162 766 289 797 lawfully
300 766 364 791 able
377 772 406 792 to

162 805 298 826 contraCt.

446 807 552 855 quod
586 806 773 855 coniuges
806 814 1078 844 contraxerant
1111 808 1150 844 in
1179 808 1302 857 gradu
1335 821 1357 846 a
1390 809 1474 857 lege
1505 808 1699 857 prohibito
1730 813 1777 854 et,

443 878 645 934 deficiente
679 879 915 927 probacione
953 878 1064 915 huius
1103 879 1143 915 in
1181 879 1278 917 facie
1317 879 1488 925 ecclesie,
1529 879 1623 916 alter
1660 878 1778 916 habet

442 950 613 987 coniunx
652 949 937 987 conscienciam
975 949 1147 986 solvendi
1185 950 1371 988 debitum.
1444 950 1558 987 Unde
1601 950 1698 988 libro
1735 957 1832 990 v010

443 1020 505 1057 De
559 1020 754 1058 sentencia
807 1019 826 1039 *
879 1021 1260 1058 excomunicacionis
1314 1021 1483 1070 capitulo
1529 1020 1871 1070 InquisicioniFol.
1883 1031 1947 1060 151
1960 1032 1995 1060 b.

444 1092 582 1129 dicitur
625 1091 763 1129 eadem
811 1092 1019 1128 sentencia.
1076 1091 1177 1129 Cum
1225 1098 1353 1129 autem
1400 1104 1517 1130 omne
1564 1092 1671 1142 quod
1719 1098 1776 1129 est
1789 1073 1994 1147 {iessrssf'Tst-

443 1169 580 1200 contra
614 1162 899 1200 conscienciam
938 1162 1089 1200 edificat
1124 1162 1173 1199 ad
1207 1162 1423 1200 Iehennam
1452 1163 1623 1200 coniunx
1653 1163 1776 1200 sciens
1788 1159 1896 1191 xxxix.
1913 1170 1941 1191 C·

444 1240 686 1271 contractum
725 1246 807 1271 non
854 1247 939 1272 esse
989 1234 1203 1283 legitimum
1250 1234 1373 1280 debet,
1414 1234 1502 1271 licet
1552 1234 1774 1272 excomuni-
1788 1212 1841 1243 44'

443 1311 563 1350 catus,
603 1317 684 1342 non
734 1305 879 1343 solvere
919 1306 1102 1352 debitum,
1142 1306 1233 1355 quia
1280 1306 1387 1343 aliter
1424 1306 1485 1343 lex
1530 1306 1830 1349 necessitaret15

445 1377 645 1414 hominem
675 1376 724 1413 ad
757 1376 1011 1425 peccandum,
1041 1389 1129 1414 cum
1159 1377 1371 1414 secundum
1400 1377 1653 1425 ewangelium
1682 1389 1776 1426 apo-

443 1448 530 1484 stoli
561 1447 676 1485 Rom.
698 1448 775 1485 xiii.
807 1447 921 1484 Omne
948 1448 1046 1495 quod
1069 1461 1140 1484 non
1168 1452 1221 1484 est
1244 1460 1295 1484 ex
1313 1448 1392 1496 fide
1405 1452 1589 1496 peccatum
1609 1452 1669 1485 est.
1724 1447 1776 1485 Et
1787 1450 1884 1482 Rom.
1900 1451 1964 1483 xiv.

442 1519 542 1568 Eph.
581 1531 614 1557 v.
657 1518 788 1556 Omnis*
809 1520 1032 1569 fornicator
1068 1532 1139 1555 non
1177 1519 1283 1556 habet
1317 1519 1548 1556 hereditatem
1586 1521 1625 1556 in
1664 1532 1776 1568 regno
1789 1503 1917 1579 {3th
1935 1547 1965 1579 5·

446 1591 573 1629 Cristi
597 1595 631 1627 et
640 1588 653 1609 1
686 1591 752 1627 dei.
810 1590 861 1627 Et
887 1602 934 1627 ex
957 1590 1038 1627 istis
1064 1590 1240 1627 videntur
1263 1590 1373 1639 sequi
1400 1589 1474 1627 due
1503 1590 1773 1628 conclusiones

441 1662 647 1699 mirabiles.
704 1662 834 1699 Primo
863 1662 968 1712 quod
998 1661 1067 1699 rite
1095 1661 1314 1699 obediendo
1343 1661 1418 1710 legi
1438 1661 1599 1699 ecclesie
1620 1668 1773 1711 oportet
1788 1673 1828 1695 20

443 1733 515 1770 sibi
545 1740 581 1770 et
611 1733 689 1770 suis
719 1733 851 1770 scribis
881 1732 1062 1782 negando
1096 1733 1284 1777 resistere,
1313 1738 1355 1769 ut
1383 1732 1510 1781 posito
1541 1732 1647 1781 quod
1676 1732 1773 1769 sciat

444 1817 485 1842 se
523 1804 608 1855 quis
646 1816 727 1842 non
761 1804 903 1841 habere
941 1805 1114 1841 animum
1153 1803 1407 1841 contrahendi
1444 1810 1482 1840 et
1518 1810 1649 1840 tamen
1685 1803 1770 1839 illu-

443 1876 573 1913 dendo
622 1875 870 1925 sophisticet2
913 1882 1153 1913 contractum
1166 1876 1191 1923 ³,
1235 1875 1476 1913 nominando
1526 1887 1567 1912 se
1613 1874 1772 1912 nomine

442 1947 579 1993 alieno,
608 1946 786 1985 faciendo
816 1948 1011 1985 carnalem
1040 1947 1232 1996 copulam,
1266 1953 1308 1984 ut
1336 1947 1530 1995 tangitur4
1565 1953 1608 1992 40
1641 1946 1770 1984 decre·
1784 1946 1916 1996 Decret.

441 2019 572 2056 talium
610 2019 672 2056 De
716 2019 986 2067 sponsabilibus
1031 2018 1224 2067 capitulo5
1274 2018 1357 2055 Tua
1404 2031 1479 2064 nos,
1518 2024 1609 2055 tunc
1656 2017 1772 2054 talem
1784 1990 1988 2067 ξξῗίῃέώ

442 2091 646 2128 necessitat
679 2090 905 2139 coniugium
938 2096 976 2127 et
1009 2090 1058 2127 ad
1092 2089 1320 2127 solvendum
1354 2088 1527 2126 debitum
1559 2089 1632 2125 sub
1670 2099 1772 2137 pena

441 2162 820 2199 excomunicacionis
867 2161 1102 2210 gravissime.
1157 2160 1209 2197 Et
1245 2166 1376 2197 tamen
1423 2159 1537 2197 debet
1583 2159 1771 2197 sustinere

440 2232 850 2270 excomunicacionem
870 2239 907 2269 et
927 2231 1145 2269 obediendo
1173 2231 1361 2280 preceptis
1390 2231 1575 2276 resistere,
1596 2243 1644 2268 eo
1664 2230 1771 2279 quod

440 2303 555 2341 debet
590 2303 714 2353 magis
745 2303 903 2340 obedire
937 2303 1010 2340 deo
1041 2314 1159 2351 quam
1189 2301 1409 2339 hominibus
1438 2307 1475 2339 et
1504 2301 1613 2351 sequi
1642 2300 1771 2338 forum

440 2374 681 2412 consciencie
694 2374 719 2411 ⁶.
788 2373 966 2411 Secunda
1002 2373 1199 2411 conclusio
1238 2372 1390 2410 infamis
1428 2378 1485 2410 est
1521 2371 1626 2421 quod
1664 2372 1769 2409 iuxta
1783 2379 1825 2410 30

439 2446 544 2494 leges
577 2445 737 2482 ecclesie
770 2445 889 2483 homo
923 2445 1037 2482 debet
1069 2444 1401 2481 excommunicari
1438 2455 1532 2492 pure
1565 2443 1655 2492 quia
1688 2454 1769 2480 non

438 2517 503 2554 wlt
532 2516 748 2565 transgredi
785 2516 1011 2553 mandatum
1047 2515 1246 2565 ewangelii
1278 2521 1319 2553 ut
1351 2521 1443 2563 puta
1474 2513 1664 2551 fornicari.
1722 2514 1770 2550 In

437 2588 576 2626 talibus
605 2588 917 2637 perplexitatibus
945 2593 1033 2624 sunt
1060 2586 1252 2635 simplices
1278 2585 1490 2623 secundum
1516 2585 1621 2634 leges
1645 2584 1769 2622 homi-

440 2672 533 2697 num
553 2659 722 2704 involuti,
751 2659 949 2709 quomodo
973 2670 1067 2707 ergo
1094 2658 1390 2695 incarceraretur
1414 2656 1632 2705 quicunque
1660 2655 1769 2693 volu-

486 2752 496 2769 ¹
520 2757 562 2792 et,
580 2763 640 2784 om.
658 2760 693 2784 A.
780 2751 794 2769 2
817 2751 1051 2792 sophisticaret,
1072 2758 1106 2782 A.
1196 2749 1208 2767 ³
1232 2752 1409 2786 contractu,
1433 2756 1467 2780 A.
1557 2747 1569 2765 ⁴²
1592 2747 1707 2789 tangit,
1732 2756 1765 2779 A.

441 2805 453 2823 ⁵
477 2805 636 2846 capitulo,
652 2814 712 2835 om.
731 2812 762 2834 B.
851 2802 863 2820 ⁶
886 2803 1064 2835 Conclusio
1080 2801 1250 2841 mirabilis,
1268 2801 1305 2832 z'n
1323 2811 1425 2841 marg.
1444 2808 1474 2832 B.
