2051 3299
157 207 212 250 90
854 200 918 233 DE
951 200 1147 233 OFFICIO
1179 199 1338 234 REGIS.

434 306 636 357 Negligere
663 306 794 356 quippe
817 319 898 344 cum
912 311 1037 356 posset
1053 306 1277 356 perturbare
1294 312 1490 355 perversos
1517 305 1637 343 nichil
1658 305 1769 343 aliud

434 383 486 417 esl
511 391 621 427 quam
642 378 787 428 fovere.
843 376 924 415 Nec
962 381 1064 414 carel
1097 378 1270 426 scrupulo
1307 377 1487 413 societatis
1524 378 1665 421 occulte,
1699 376 1770 425 qui

435 449 814 500 manffesloflzcinori
829 449 964 486 desinit
980 448 1137 486 obviare.
1185 448 1236 485 Et
1257 447 1360 485 aliud
1380 459 1546 497 sequens
1568 446 1766 484 decretum

436 520 626 569 Gregorii,
650 519 862 558 Consentire
880 520 1025 556 videtur
1047 518 1065 538 '¹‘
1087 519 1245 564 erranti,
1266 519 1337 567 qui
1350 519 1404 554 ad
1428 518 1680 567 rectificanda,
1700 530 1766 566 que
1779 529 1827 559 20
1843 529 1881 559 b,

435 591 558 628 debent
601 591 755 639 corrigi,
795 602 867 627 non
914 591 1085 627 occurrit.
1143 587 1272 640 (Sicut
1308 593 1425 626 aulem
1465 589 1625 625 aliorum
1666 588 1765 625 vicia
1779 596 1797 628 5

424 663 587 712 palpare
605 674 676 699 non
697 660 801 707 debet,
821 662 874 697 ila
898 673 960 697 nec
983 662 1165 697 malorum
1190 660 1362 697 laudibus
1385 658 1583 711 delectari.)
1638 659 1690 696 Et
1715 660 1765 696 86
1780 672 1962 705 D‚1xxxvi‚

435 733 485 771 di.
525 732 671 779 dicitur,
709 732 902 769 Facientis
929 732 1069 781 procul
1102 731 1210 768 dubio
1248 732 1393 779 culpam
1430 730 1538 768 habet
1577 730 1647 779 qui
1674 730 1772 778 quod
1779 728 1807 749 ⁰·
1823 717 1872 750 iii·

157 812 250 839 These
263 810 360 837 sinsof
425 808 546 853 polest
561 804 748 852 corrigere
767 803 925 852 negligi]
940 803 1139 839 emendare.
1194 800 1244 839 Et
1263 801 1382 839 multa
1403 808 1490 839 sunt
1510 801 1611 838 dicta
1631 800 1768 839 similia

156 846 421 917 ssffigliffiagissoe:
435 880 478 912 ut
509 886 600 924 sepe
631 874 775 924 repetii.
833 872 949 910 Unde
974 872 1148 922 quamvis
1182 872 1242 909 isti
1276 884 1490 910 consensus
1524 872 1598 909 sint
1630 871 1767 920 damp-

156 921 377 981 ffieffiffiema
436 945 582 983 nabiles
612 945 652 982 in
684 944 858 994 principe
891 943 1064 988 seculari,
1084 949 1215 980 tamen
1249 954 1463 980 consensus
1495 949 1531 980 et
1565 942 1766 980 ommissio
1781 952 1822 975 10

435 1015 644 1054 sacerdotis
678 1021 736 1053 est
774 1014 887 1064 culpa
926 1014 1087 1064 gravior,
1118 1014 1244 1063 magis
1281 1014 1510 1063 perturbans
1549 1013 1768 1052 ecclesiam.

433 1086 550 1124 Unde
582 1086 699 1123 xxiiii.
725 1098 762 1135 q.
789 1086 839 1132 iii,
865 1085 1123 1135 Transferam
1148 1085 1219 1122 sub
1246 1084 1471 1122 auctoritate
1500 1084 1686 1122 Ieronimi
1714 1084 1766 1121 sic
1781 1086 1819 1118 C.
1836 1084 1923 1117 xxiv.
1943 1084 1986 1126 Q.

433 1156 599 1195 habetur
639 1159 648 1176 ‘
670 1156 807 1194 Veteres
853 1160 1028 1193 scrutans
1074 1156 1262 1204 hystorias
1300 1156 1466 1192 invenire
1503 1168 1576 1192 non
1613 1162 1767 1204 possum
1780 1139 1828 1163 ω’
1845 1140 1872 1162 α’
1891 1137 1943 1169 33*

433 1229 584 1267 scidisse
611 1227 794 1264 ecclesiam
813 1231 847 1264 et
872 1228 913 1264 de
942 1228 1043 1264 domo
1071 1226 1234 1264 Domini
1248 1227 1403 1276 populos
1430 1227 1622 1264 seduxisse
1639 1230 1770 1275 preter

434 1312 490 1336 eos
508 1300 579 1348 qui
592 1299 792 1336 sacerdotes
811 1311 834 1335 a
854 1297 933 1335 Deo
943 1299 1065 1347 positi
1070 1299 1242 1348 fuerant
1258 1302 1292 1335 el
1307 1298 1494 1347 prophete,
1516 1298 1540 1334 i.
1557 1310 1583 1334 e.
1603 1298 1768 1346 specula-
1783 1314 1822 1347 15

433 1375 538 1409 iores.
606 1369 686 1406 Isti
708 1370 833 1418 igitur
857 1374 1016 1406 utuntur
1049 1370 1088 1406 in
1117 1370 1286 1418 laqueum
1311 1373 1513 1406 tortuosum
1539 1369 1579 1405 in
1602 1368 1770 1406 omnibus

434 1442 525 1480 locis
547 1445 721 1490 ponentes
750 1439 991 1477 scandalum?
1050 1439 1155 1478 Sicut
1187 1439 1301 1489 igitur
1333 1439 1434 1476 istud
1468 1439 1612 1477 dictum
1645 1440 1770 1477 sancti

435 1512 635 1562 presbiteri
661 1511 815 1561 ponitur
846 1510 1055 1560 legendum
1081 1511 1120 1548 in
1146 1511 1302 1561 publico
1318 1509 1343 1557 1,
1370 1511 1421 1548 ita
1444 1517 1532 1560 post
1558 1511 1639 1548 eius
1667 1511 1770 1560 peri-

435 1583 565 1621 culum
585 1589 642 1620 est
661 1582 814 1632 publice
833 1581 1111 1632 predicandum
1131 1588 1171 1619 ut
1192 1581 1352 1619 ecclesia
1379 1581 1551 1619 attendat
1571 1582 1725 1620 caucius
1746 1593 1769 1619 a

434 1654 613 1703 luporum
634 1652 824 1703 periculis.
881 1652 965 1691 Nec
986 1652 1215 1691 desistemus
1229 1653 1314 1691 licet
1326 1652 1509 1690 fuerimus
1528 1659 1765 1702 peccatores,
1783 1676 1824 1700 20

436 1725 528 1775 quia
548 1732 640 1763 tunc
675 1724 803 1761 nullus
826 1724 918 1761 citra
938 1723 1108 1762 Cristum
1138 1724 1346 1773 corriperet
1375 1736 1446 1762 nec
1474 1723 1561 1773 plus
1590 1723 1769 1762 sollicita-

437 1796 568 1833 bimur
605 1795 832 1845 generaliter
870 1795 964 1833 citra
1010 1795 1178 1844 privatas
1216 1794 1395 1841 oviculas,
1430 1795 1519 1844 quia
1556 1794 1644 1844 plus
1681 1806 1771 1844 pro-

438 1867 612 1905 ficiemus
645 1866 685 1903 in
731 1878 836 1911 casu,
878 1871 958 1903 tam
992 1866 1084 1915 ipsis
1121 1878 1240 1916 quam
1272 1866 1396 1914 nobis,
1430 1865 1663 1915 exponendo
1697 1877 1770 1903 nos

437 1938 600 1975 discrete
628 1937 693 1974 ubi
721 1942 778 1974 est
804 1936 1015 1987 periculum
1038 1937 1176 1975 veneni
1200 1936 1413 1974 fervencius
1438 1942 1476 1974 et
1501 1936 1625 1985 magis
1652 1936 1770 1986 glori-

437 2020 531 2046 osus
559 2007 795 2057 triumphus.
850 2007 946 2045 Ideo
972 2014 1029 2045 est
1050 2020 1072 2045 a
1091 2007 1243 2045 defectu
1263 2008 1433 2058 capitum
1449 2007 1692 2054 ordiendum,
1714 2007 1767 2046 sic
1783 2014 1822 2048 25

437 2079 541 2117 enim
561 2078 731 2117 fecerunt
752 2077 902 2117 Cristus
922 2084 959 2117 et
979 2078 1100 2117 sancti
1120 2078 1306 2118 martires.

885 2364 1214 2403 CAPITULUM
1252 2365 1335 2404 Vm.

160 2487 395 2549 &cffissciksigrm
497 2475 516 2496 *
539 2476 705 2516 CONTRA
740 2476 882 2514 dictam
913 2478 1150 2516 sentenciam
1176 2477 1223 2516 de
1252 2490 1340 2528 rege
1374 2478 1534 2516 instatur
1562 2477 1771 2516 scolastice.
1785 2483 1987 2517 E01.12,9b.

160 2556 393 2622 {sssssseoffh‘gur
446 2547 607 2586 Videtur
637 2548 741 2585 enim
772 2547 897 2597 primo
927 2548 1032 2597 quod
1060 2561 1128 2586 rex
1158 2547 1247 2587 facit
1278 2548 1465 2599 quidquid
1492 2549 1621 2587 fecerit
1650 2549 1772 2599 legius

161 2623 239 2655 King
254 2623 291 2655 by
304 2623 351 2648 the
443 2618 563 2657 homo
588 2630 690 2664 511118,
713 2631 760 2656 ex
783 2630 861 2667 quo
882 2619 1053 2668 sequitur
1066 2619 1171 2668 quod
1191 2632 1257 2657 rex
1279 2620 1326 2657 sit
1344 2619 1475 2657 artifex
1496 2620 1771 2669 cuiuscumque
1786 2637 1828 2669 30

162 2656 426 2687 contention,what-

159 2690 345 2757 ffggrffindge
353 2690 427 2756 ίξζθ,
441 2701 580 2739 genus,
605 2689 746 2727 mimus
760 2689 904 2727 nebulo
918 2695 1031 2739 atque
1047 2689 1254 2740 prolificus,
1277 2702 1365 2728 cum
1377 2690 1561 2741 quotlibet
1580 2690 1766 2729 similibus

968 2796 981 2818 ²
1003 2797 1185 2841 publicum,
1201 2806 1233 2830 B.
