<?xml version="1.0" encoding="UTF-8"?>
<!DOCTYPE html PUBLIC "-//W3C//DTD XHTML 1.0 Transitional//EN"
    "http://www.w3.org/TR/xhtml1/DTD/xhtml1-transitional.dtd">
<html xmlns="http://www.w3.org/1999/xhtml" xml:lang="en" lang="en">
 <head>
  <title>
</title>
<meta http-equiv="Content-Type" content="text/html;charset=utf-8" />
  <meta name='ocr-system' content='tesseract 3.04.00' />
  <meta name='ocr-capabilities' content='ocr_page ocr_carea ocr_par ocr_line ocrx_word'/>
</head>
<body>
  <div class='ocr_page' id='page_1' title='image "./tractatusdeoffic00wycl_0112.png"; bbox 0 0 2051 3299; ppageno 0'>
   <div class='ocr_carea' id='block_1_1' title="bbox 188 197 1371 248">
    <p class='ocr_par' dir='ltr' id='par_1_1' title="bbox 188 197 1371 248">
     <span class='ocr_line' id='line_1_1' title="bbox 188 197 1371 248; baseline 0.003 -14"><span class='ocrx_word' id='word_1_1' title='bbox 188 197 242 248; x_wconf 83' lang='lat'>76</span> <span class='ocrx_word' id='word_1_2' title='bbox 889 206 955 237; x_wconf 92' lang='lat' dir='ltr'>DE</span> <span class='ocrx_word' id='word_1_3' title='bbox 987 207 1183 239; x_wconf 88' lang='lat' dir='ltr'>OFFICIO</span> <span class='ocrx_word' id='word_1_4' title='bbox 1215 206 1371 239; x_wconf 90' lang='lat' dir='ltr'><strong>REGIS.</strong></span> 
     </span>
    </p>
   </div>
   <div class='ocr_carea' id='block_1_2' title="bbox 462 311 1824 717">
    <p class='ocr_par' dir='ltr' id='par_1_2' title="bbox 462 311 1824 717">
     <span class='ocr_line' id='line_1_2' title="bbox 465 311 1791 361; baseline 0 -12"><span class='ocrx_word' id='word_1_5' title='bbox 465 317 616 361; x_wconf 83' lang='lat' dir='ltr'>oportet</span> <span class='ocrx_word' id='word_1_6' title='bbox 646 311 686 348; x_wconf 91' lang='lat' dir='ltr'>in</span> <span class='ocrx_word' id='word_1_7' title='bbox 717 311 797 348; x_wconf 89' lang='lat' dir='ltr'>istis</span> <span class='ocrx_word' id='word_1_8' title='bbox 831 311 1027 349; x_wconf 89' lang='lat' dir='ltr'>attendere</span> <span class='ocrx_word' id='word_1_9' title='bbox 1066 312 1160 361; x_wconf 90' lang='lat' dir='ltr'>quid</span> <span class='ocrx_word' id='word_1_10' title='bbox 1192 312 1333 350; x_wconf 82' lang='lat' dir='ltr'>directe</span> <span class='ocrx_word' id='word_1_11' title='bbox 1371 318 1409 350; x_wconf 91' lang='lat' dir='ltr'>et</span> <span class='ocrx_word' id='word_1_12' title='bbox 1441 312 1480 349; x_wconf 89' lang='lat' dir='ltr'>in</span> <span class='ocrx_word' id='word_1_13' title='bbox 1514 311 1651 349; x_wconf 88' lang='lat' dir='ltr'>maiori</span> <span class='ocrx_word' id='word_1_14' title='bbox 1683 319 1791 361; x_wconf 88' lang='lat' dir='ltr'>parte</span> 
     </span>
     <span class='ocr_line' id='line_1_3' title="bbox 463 381 1792 431; baseline -0.001 -11"><span class='ocrx_word' id='word_1_15' title='bbox 463 395 510 420; x_wconf 84' lang='lat' dir='ltr'>ex</span> <span class='ocrx_word' id='word_1_16' title='bbox 549 382 651 420; x_wconf 86' lang='lat' dir='ltr'>facto</span> <span class='ocrx_word' id='word_1_17' title='bbox 690 381 755 419; x_wconf 90' lang='lat' dir='ltr'>tali</span> <span class='ocrx_word' id='word_1_18' title='bbox 794 382 955 431; x_wconf 84' lang='lat' dir='ltr'>contigit</span> <span class='ocrx_word' id='word_1_19' title='bbox 991 389 1028 419; x_wconf 90' lang='lat' dir='ltr'>et</span> <span class='ocrx_word' id='word_1_20' title='bbox 1066 383 1217 420; x_wconf 90' lang='lat' dir='ltr'>attentis</span> <span class='ocrx_word' id='word_1_21' title='bbox 1256 383 1557 421; x_wconf 85' lang='lat' dir='ltr'>circumstanciis</span> <span class='ocrx_word' id='word_1_22' title='bbox 1594 383 1671 420; x_wconf 90' lang='lat' dir='ltr'>iam</span> <span class='ocrx_word' id='word_1_23' title='bbox 1708 395 1792 420; x_wconf 90' lang='lat' dir='ltr'>cur—</span> 
     </span>
     <span class='ocr_line' id='line_1_4' title="bbox 462 453 1792 502; baseline 0 -12"><span class='ocrx_word' id='word_1_24' title='bbox 462 454 633 490; x_wconf 82' lang='lat' dir='ltr'>rentibus</span> <span class='ocrx_word' id='word_1_25' title='bbox 662 453 910 502; x_wconf 83' lang='lat' dir='ltr'>probabiliter</span> <span class='ocrx_word' id='word_1_26' title='bbox 938 453 1075 490; x_wconf 90' lang='lat' dir='ltr'>melius</span> <span class='ocrx_word' id='word_1_27' title='bbox 1112 453 1292 500; x_wconf 86' lang='lat' dir='ltr'>iudicare,</span> <span class='ocrx_word' id='word_1_28' title='bbox 1323 454 1429 490; x_wconf 90' lang='lat' dir='ltr'>aliter</span> <span class='ocrx_word' id='word_1_29' title='bbox 1457 454 1562 491; x_wconf 89' lang='lat' dir='ltr'>enirn</span> <span class='ocrx_word' id='word_1_30' title='bbox 1591 465 1792 502; x_wconf 90' lang='lat' dir='ltr'>nunquam</span> 
     </span>
     <span class='ocr_line' id='line_1_5' title="bbox 462 524 1793 574; baseline 0.001 -13"><span class='ocrx_word' id='word_1_31' title='bbox 462 531 617 574; x_wconf 87' lang='lat' dir='ltr'>propter</span> <span class='ocrx_word' id='word_1_32' title='bbox 650 524 782 573; x_wconf 82' lang='lat' dir='ltr'>culpas</span> <span class='ocrx_word' id='word_1_33' title='bbox 813 525 1039 562; x_wconf 90' lang='lat' dir='ltr'>clericorum</span> <span class='ocrx_word' id='word_1_34' title='bbox 1067 525 1226 562; x_wconf 89' lang='lat' dir='ltr'>fuissent</span> <span class='ocrx_word' id='word_1_35' title='bbox 1255 525 1294 561; x_wconf 90' lang='lat' dir='ltr'>in</span> <span class='ocrx_word' id='word_1_36' title='bbox 1322 525 1630 574; x_wconf 78' lang='lat' dir='ltr'>possessionibus</span> <span class='ocrx_word' id='word_1_37' title='bbox 1658 537 1793 562; x_wconf 90' lang='lat' dir='ltr'>eorum</span> 
     </span>
     <span class='ocr_line' id='line_1_6' title="bbox 462 594 1824 645; baseline 0.001 -14"><span class='ocrx_word' id='word_1_38' title='bbox 462 594 645 632; x_wconf 87' lang='lat' dir='ltr'>monachi</span> <span class='ocrx_word' id='word_1_39' title='bbox 674 602 712 632; x_wconf 90' lang='lat' dir='ltr'>et</span> <span class='ocrx_word' id='word_1_40' title='bbox 741 595 917 633; x_wconf 88' lang='lat' dir='ltr'>canonici</span> <span class='ocrx_word' id='word_1_41' title='bbox 945 595 1161 633; x_wconf 84' lang='lat' dir='ltr'>introducti.</span> <span class='ocrx_word' id='word_1_42' title='bbox 1217 596 1400 633; x_wconf 87' lang='lat' dir='ltr'>Attendat</span> <span class='ocrx_word' id='word_1_43' title='bbox 1429 608 1522 644; x_wconf 87' lang='lat' dir='ltr'>ergo</span> <span class='ocrx_word' id='word_1_44' title='bbox 1550 596 1603 633; x_wconf 88' lang='lat' dir='ltr'>sic</span> <span class='ocrx_word' id='word_1_45' title='bbox 1628 608 1824 645; x_wconf 85' lang='lat' dir='ltr'>arguens5</span> 
     </span>
     <span class='ocr_line' id='line_1_7' title="bbox 464 667 1794 717; baseline 0.001 -14"><span class='ocrx_word' id='word_1_46' title='bbox 464 667 495 704; x_wconf 90' lang='lat' dir='ltr'>si</span> <span class='ocrx_word' id='word_1_47' title='bbox 529 667 655 716; x_wconf 90' lang='lat' dir='ltr'>plures</span> <span class='ocrx_word' id='word_1_48' title='bbox 693 668 786 704; x_wconf 89' lang='lat' dir='ltr'>boni</span> <span class='ocrx_word' id='word_1_49' title='bbox 824 675 998 717; x_wconf 87' lang='lat' dir='ltr'>pastores</span> <span class='ocrx_word' id='word_1_50' title='bbox 1035 668 1074 705; x_wconf 88' lang='lat' dir='ltr'>in</span> <span class='ocrx_word' id='word_1_51' title='bbox 1113 668 1409 717; x_wconf 89' lang='lat' dir='ltr'>comparacione</span> <span class='ocrx_word' id='word_1_52' title='bbox 1443 668 1491 705; x_wconf 89' lang='lat' dir='ltr'>ad</span> <span class='ocrx_word' id='word_1_53' title='bbox 1528 674 1682 717; x_wconf 86' lang='lat' dir='ltr'>tempus</span> <span class='ocrx_word' id='word_1_54' title='bbox 1713 668 1794 705; x_wconf 90' lang='lat' dir='ltr'>sine</span> 
     </span>
    </p>
   </div>
   <div class='ocr_carea' id='block_1_3' title="bbox 182 737 1794 812">
    <p class='ocr_par' dir='ltr' id='par_1_3' title="bbox 182 737 1794 812">
     <span class='ocr_line' id='line_1_8' title="bbox 182 737 1794 812; baseline 0.004 -42"><span class='ocrx_word' id='word_1_55' title='bbox 182 745 415 812; x_wconf 46' lang='lat' dir='ltr'>ggsseffgsssrffian</span> <span class='ocrx_word' id='word_1_56' title='bbox 464 737 708 775; x_wconf 83' lang='lat' dir='ltr'>institucione</span> <span class='ocrx_word' id='word_1_57' title='bbox 746 738 844 776; x_wconf 87' lang='lat' dir='ltr'>illius</span> <span class='ocrx_word' id='word_1_58' title='bbox 883 739 986 776; x_wconf 89' lang='lat' dir='ltr'>curie</span> <span class='ocrx_word' id='word_1_59' title='bbox 1026 746 1304 788; x_wconf 87' lang='lat' dir='ltr'>processerunt,</span> <span class='ocrx_word' id='word_1_60' title='bbox 1339 739 1398 777; x_wconf 90' lang='lat' dir='ltr'>vel</span> <span class='ocrx_word' id='word_1_61' title='bbox 1433 740 1463 776; x_wconf 90' lang='lat' dir='ltr'>si</span> <span class='ocrx_word' id='word_1_62' title='bbox 1497 739 1588 777; x_wconf 92' lang='lat' dir='ltr'>boni</span> <span class='ocrx_word' id='word_1_63' title='bbox 1621 745 1794 788; x_wconf 88' lang='lat' dir='ltr'>pastores</span> 
     </span>
    </p>
   </div>
   <div class='ocr_carea' id='block_1_4' title="bbox 182 807 2014 930">
    <p class='ocr_par' dir='ltr' id='par_1_4' title="bbox 182 807 2014 930">
     <span class='ocr_line' id='line_1_9' title="bbox 182 807 1794 860; baseline 0.002 -16"><span class='ocrx_word' id='word_1_64' title='bbox 182 813 289 839; x_wconf 83' lang='lat' dir='ltr'>sulted·</span> <span class='ocrx_word' id='word_1_65' title='bbox 463 807 607 845; x_wconf 86' lang='lat' dir='ltr'>habent</span> <span class='ocrx_word' id='word_1_66' title='bbox 638 821 748 846; x_wconf 89' lang='lat' dir='ltr'>suam</span> <span class='ocrx_word' id='word_1_67' title='bbox 772 810 962 847; x_wconf 86' lang='lat' dir='ltr'>iusticiam</span> <span class='ocrx_word' id='word_1_68' title='bbox 992 822 1014 847; x_wconf 88' lang='lat' dir='ltr'>a</span> <span class='ocrx_word' id='word_1_69' title='bbox 1045 810 1151 847; x_wconf 86' lang='lat' dir='ltr'>scola</span> <span class='ocrx_word' id='word_1_70' title='bbox 1180 810 1277 847; x_wconf 91' lang='lat' dir='ltr'>illius</span> <span class='ocrx_word' id='word_1_71' title='bbox 1307 811 1409 847; x_wconf 89' lang='lat' dir='ltr'>curie</span> <span class='ocrx_word' id='word_1_72' title='bbox 1439 817 1638 859; x_wconf 87' lang='lat' dir='ltr'>tamquam</span> <span class='ocrx_word' id='word_1_73' title='bbox 1662 823 1731 860; x_wconf 91' lang='lat' dir='ltr'>per</span> <span class='ocrx_word' id='word_1_74' title='bbox 1755 822 1794 847; x_wconf 88' lang='lat' dir='ltr'>se</span> 
     </span>
     <span class='ocr_line' id='line_1_10' title="bbox 463 878 2014 930; baseline 0.002 -14"><span class='ocrx_word' id='word_1_75' title='bbox 463 878 614 925; x_wconf 78' lang='lat' dir='ltr'>causa‚*</span> <span class='ocrx_word' id='word_1_76' title='bbox 637 880 697 917; x_wconf 90' lang='lat' dir='ltr'>vel</span> <span class='ocrx_word' id='word_1_77' title='bbox 717 881 834 918; x_wconf 86' lang='lat' dir='ltr'>tercio</span> <span class='ocrx_word' id='word_1_78' title='bbox 855 881 887 917; x_wconf 91' lang='lat' dir='ltr'>si</span> <span class='ocrx_word' id='word_1_79' title='bbox 908 893 987 918; x_wconf 90' lang='lat' dir='ltr'>non</span> <span class='ocrx_word' id='word_1_80' title='bbox 1011 881 1249 918; x_wconf 85' lang='lat' dir='ltr'>manifestius</span> <span class='ocrx_word' id='word_1_81' title='bbox 1269 881 1415 918; x_wconf 86' lang='lat' dir='ltr'>malum</span> <span class='ocrx_word' id='word_1_82' title='bbox 1440 893 1488 918; x_wconf 82' lang='lat' dir='ltr'>ex</span> <span class='ocrx_word' id='word_1_83' title='bbox 1513 881 1577 918; x_wconf 88' lang='lat' dir='ltr'>illa</span> <span class='ocrx_word' id='word_1_84' title='bbox 1606 881 1791 930; x_wconf 90' lang='lat' dir='ltr'>provenit.</span> <span class='ocrx_word' id='word_1_85' title='bbox 1808 889 1888 918; x_wconf 81' lang='lat' dir='ltr'>Fol.</span> <span class='ocrx_word' id='word_1_86' title='bbox 1900 889 1966 919; x_wconf 88' lang='lat'>125</span> <span class='ocrx_word' id='word_1_87' title='bbox 1976 889 2014 920; x_wconf 93' lang='lat' dir='ltr'>b.</span> 
     </span>
    </p>
   </div>
   <div class='ocr_carea' id='block_1_5' title="bbox 182 950 1851 1091">
    <p class='ocr_par' dir='ltr' id='par_1_5' title="bbox 182 950 1851 1091">
     <span class='ocr_line' id='line_1_11' title="bbox 183 950 1851 1002; baseline 0 -14"><span class='ocrx_word' id='word_1_88' title='bbox 183 962 246 989; x_wconf 76' lang='lat' dir='ltr'>The</span> <span class='ocrx_word' id='word_1_89' title='bbox 261 964 372 1002; x_wconf 70' lang='lat' dir='ltr'>Rpman</span> <span class='ocrx_word' id='word_1_90' title='bbox 464 950 698 988; x_wconf 85' lang='lat' dir='ltr'>Conceditur</span> <span class='ocrx_word' id='word_1_91' title='bbox 718 959 848 989; x_wconf 89' lang='lat' dir='ltr'>tamen</span> <span class='ocrx_word' id='word_1_92' title='bbox 868 952 974 1001; x_wconf 88' lang='lat' dir='ltr'>quod</span> <span class='ocrx_word' id='word_1_93' title='bbox 993 952 1229 990; x_wconf 89' lang='lat' dir='ltr'>honoranter</span> <span class='ocrx_word' id='word_1_94' title='bbox 1249 952 1512 990; x_wconf 89' lang='lat' dir='ltr'>obediendum</span> <span class='ocrx_word' id='word_1_95' title='bbox 1532 958 1589 990; x_wconf 91' lang='lat' dir='ltr'>est</span> <span class='ocrx_word' id='word_1_96' title='bbox 1608 952 1660 989; x_wconf 91' lang='lat' dir='ltr'>illi</span> <span class='ocrx_word' id='word_1_97' title='bbox 1680 952 1795 999; x_wconf 85' lang='lat' dir='ltr'>curie,</span> <span class='ocrx_word' id='word_1_98' title='bbox 1811 965 1851 988; x_wconf 89' lang='lat'>10</span> 
     </span>
     <span class='ocr_line' id='line_1_12' title="bbox 182 997 1797 1091; baseline 0.003 -35"><span class='ocrx_word' id='word_1_99' title='bbox 182 997 406 1091; x_wconf 48' lang='grc' dir='ltr'>Ξὲἔξὲηιὲἕῗὲῗιῖ</span> <span class='ocrx_word' id='word_1_100' title='bbox 462 1022 584 1059; x_wconf 85' lang='lat' dir='ltr'>eciam</span> <span class='ocrx_word' id='word_1_101' title='bbox 612 1022 643 1060; x_wconf 90' lang='lat' dir='ltr'>si</span> <span class='ocrx_word' id='word_1_102' title='bbox 667 1022 754 1060; x_wconf 86' lang='lat' dir='ltr'>fons</span> <span class='ocrx_word' id='word_1_103' title='bbox 783 1023 845 1060; x_wconf 92' lang='lat' dir='ltr'>ille</span> <span class='ocrx_word' id='word_1_104' title='bbox 866 1035 997 1061; x_wconf 89' lang='lat' dir='ltr'>versus</span> <span class='ocrx_word' id='word_1_105' title='bbox 1026 1023 1160 1061; x_wconf 87' lang='lat' dir='ltr'>fuerit1</span> <span class='ocrx_word' id='word_1_106' title='bbox 1180 1023 1220 1060; x_wconf 90' lang='lat' dir='ltr'>in</span> <span class='ocrx_word' id='word_1_107' title='bbox 1250 1023 1466 1061; x_wconf 81' lang='lat' dir='ltr'>cisternam.</span> <span class='ocrx_word' id='word_1_108' title='bbox 1525 1023 1602 1061; x_wconf 88' lang='lat' dir='ltr'>Sed</span> <span class='ocrx_word' id='word_1_109' title='bbox 1630 1035 1710 1061; x_wconf 88' lang='lat' dir='ltr'>non</span> <span class='ocrx_word' id='word_1_110' title='bbox 1740 1030 1797 1061; x_wconf 90' lang='lat' dir='ltr'>est</span> 
     </span>
    </p>
   </div>
   <div class='ocr_carea' id='block_1_6' title="bbox 183 1093 1795 1157">
    <p class='ocr_par' dir='ltr' id='par_1_6' title="bbox 183 1093 1795 1157">
     <span class='ocr_line' id='line_1_13' title="bbox 183 1093 1795 1157; baseline 0.001 -28"><span class='ocrx_word' id='word_1_111' title='bbox 183 1097 402 1157; x_wconf 55' lang='lat' dir='ltr'>ggfl}{&#39;sie1{³e{l{{trh</span> <span class='ocrx_word' id='word_1_112' title='bbox 463 1093 694 1142; x_wconf 87' lang='lat' dir='ltr'>occupanda</span> <span class='ocrx_word' id='word_1_113' title='bbox 720 1106 788 1143; x_wconf 92' lang='lat' dir='ltr'>per</span> <span class='ocrx_word' id='word_1_114' title='bbox 814 1106 949 1132; x_wconf 81' lang='lat' dir='ltr'>causas</span> <span class='ocrx_word' id='word_1_115' title='bbox 974 1094 1158 1144; x_wconf 85' lang='lat' dir='ltr'>profanas</span> <span class='ocrx_word' id='word_1_116' title='bbox 1178 1095 1228 1132; x_wconf 91' lang='lat' dir='ltr'>ad</span> <span class='ocrx_word' id='word_1_117' title='bbox 1255 1095 1548 1132; x_wconf 85' lang='lat' dir='ltr'>enervacionem</span> <span class='ocrx_word' id='word_1_118' title='bbox 1575 1107 1795 1144; x_wconf 87' lang='lat' dir='ltr'>regnorum,</span> 
     </span>
    </p>
   </div>
   <div class='ocr_carea' id='block_1_7' title="bbox 182 1165 1797 1232">
    <p class='ocr_par' dir='ltr' id='par_1_7' title="bbox 182 1165 1797 1232">
     <span class='ocr_line' id='line_1_14' title="bbox 182 1165 1797 1232; baseline 0.002 -31"><span class='ocrx_word' id='word_1_119' title='bbox 182 1165 433 1232; x_wconf 44' lang='lat' dir='ltr'>{figlllegffifflzrge’</span> <span class='ocrx_word' id='word_1_120' title='bbox 464 1177 539 1215; x_wconf 90' lang='lat' dir='ltr'>que</span> <span class='ocrx_word' id='word_1_121' title='bbox 573 1177 686 1202; x_wconf 87' lang='lat' dir='ltr'>cause</span> <span class='ocrx_word' id='word_1_122' title='bbox 719 1173 926 1214; x_wconf 88' lang='lat' dir='ltr'>potuerunt</span> <span class='ocrx_word' id='word_1_123' title='bbox 957 1173 993 1203; x_wconf 92' lang='lat' dir='ltr'>et</span> <span class='ocrx_word' id='word_1_124' title='bbox 1024 1166 1207 1204; x_wconf 90' lang='lat' dir='ltr'>deberent</span> <span class='ocrx_word' id='word_1_125' title='bbox 1239 1166 1335 1204; x_wconf 84' lang='lat' dir='ltr'>infra</span> <span class='ocrx_word' id='word_1_126' title='bbox 1368 1179 1489 1216; x_wconf 84' lang='lat' dir='ltr'>regna</span> <span class='ocrx_word' id='word_1_127' title='bbox 1523 1167 1797 1215; x_wconf 86' lang='lat' dir='ltr'>expediencius</span> 
     </span>
    </p>
   </div>
   <div class='ocr_carea' id='block_1_8' title="bbox 181 1232 1796 1299">
    <p class='ocr_par' dir='ltr' id='par_1_8' title="bbox 181 1232 1796 1299">
     <span class='ocr_line' id='line_1_15' title="bbox 181 1232 1796 1299; baseline 0.001 -25"><span class='ocrx_word' id='word_1_128' title='bbox 181 1232 400 1299; x_wconf 50' lang='lat' dir='ltr'>{ssggclffiffijgif-</span> <span class='ocrx_word' id='word_1_129' title='bbox 464 1236 670 1274; x_wconf 87' lang='lat' dir='ltr'>terminari.</span> <span class='ocrx_word' id='word_1_130' title='bbox 748 1236 787 1273; x_wconf 86' lang='lat' dir='ltr'>Si</span> <span class='ocrx_word' id='word_1_131' title='bbox 833 1244 961 1274; x_wconf 88' lang='lat' dir='ltr'>autern</span> <span class='ocrx_word' id='word_1_132' title='bbox 1001 1237 1104 1275; x_wconf 88' lang='lat' dir='ltr'>iuvat</span> <span class='ocrx_word' id='word_1_133' title='bbox 1147 1238 1187 1274; x_wconf 90' lang='lat' dir='ltr'>in</span> <span class='ocrx_word' id='word_1_134' title='bbox 1231 1238 1313 1275; x_wconf 89' lang='lat' dir='ltr'>aliis</span> <span class='ocrx_word' id='word_1_135' title='bbox 1358 1237 1483 1275; x_wconf 86' lang='lat' dir='ltr'>causis</span> <span class='ocrx_word' id='word_1_136' title='bbox 1523 1236 1635 1288; x_wconf 85' lang='lat' dir='ltr'>plus2</span> <span class='ocrx_word' id='word_1_137' title='bbox 1668 1238 1796 1275; x_wconf 83' lang='lat' dir='ltr'>arduis</span> 
     </span>
    </p>
   </div>
   <div class='ocr_carea' id='block_1_9' title="bbox 182 1300 1848 1518">
    <p class='ocr_par' dir='ltr' id='par_1_9' title="bbox 182 1300 1848 1518">
     <span class='ocr_line' id='line_1_16' title="bbox 182 1300 1848 1359; baseline 0.001 -15"><span class='ocrx_word' id='word_1_138' title='bbox 182 1300 364 1326; x_wconf 54' lang='lat' dir='ltr'>ficustcaoes·</span> <span class='ocrx_word' id='word_1_139' title='bbox 464 1314 522 1345; x_wconf 90' lang='lat' dir='ltr'>est</span> <span class='ocrx_word' id='word_1_140' title='bbox 558 1307 762 1345; x_wconf 86' lang='lat' dir='ltr'>laudanda.</span> <span class='ocrx_word' id='word_1_141' title='bbox 834 1307 918 1346; x_wconf 92' lang='lat' dir='ltr'>Nec</span> <span class='ocrx_word' id='word_1_142' title='bbox 957 1309 1056 1346; x_wconf 86' lang='lat' dir='ltr'>valet</span> <span class='ocrx_word' id='word_1_143' title='bbox 1093 1309 1208 1346; x_wconf 88' lang='lat' dir='ltr'>tercia</span> <span class='ocrx_word' id='word_1_144' title='bbox 1246 1309 1357 1346; x_wconf 91' lang='lat' dir='ltr'>ficcio</span> <span class='ocrx_word' id='word_1_145' title='bbox 1397 1321 1472 1358; x_wconf 87' lang='lat' dir='ltr'>qua</span> <span class='ocrx_word' id='word_1_146' title='bbox 1510 1308 1647 1346; x_wconf 90' lang='lat' dir='ltr'>dicitur</span> <span class='ocrx_word' id='word_1_147' title='bbox 1688 1309 1848 1359; x_wconf 88' lang='lat' dir='ltr'>quod15</span> 
     </span>
     <span class='ocr_line' id='line_1_17' title="bbox 464 1378 1798 1429; baseline 0.001 -13"><span class='ocrx_word' id='word_1_148' title='bbox 464 1378 633 1428; x_wconf 85' lang='lat' dir='ltr'>theologi</span> <span class='ocrx_word' id='word_1_149' title='bbox 655 1379 890 1429; x_wconf 85' lang='lat' dir='ltr'>quandoque</span> <span class='ocrx_word' id='word_1_150' title='bbox 917 1380 1003 1429; x_wconf 90' lang='lat' dir='ltr'>plus</span> <span class='ocrx_word' id='word_1_151' title='bbox 1029 1380 1165 1417; x_wconf 85' lang='lat' dir='ltr'>ceteris</span> <span class='ocrx_word' id='word_1_152' title='bbox 1194 1380 1416 1418; x_wconf 87' lang='lat' dir='ltr'>discolisant</span> <span class='ocrx_word' id='word_1_153' title='bbox 1445 1392 1533 1418; x_wconf 91' lang='lat' dir='ltr'>cum</span> <span class='ocrx_word' id='word_1_154' title='bbox 1563 1392 1652 1429; x_wconf 89' lang='lat' dir='ltr'>sepe</span> <span class='ocrx_word' id='word_1_155' title='bbox 1673 1380 1798 1418; x_wconf 88' lang='lat' dir='ltr'>clerici</span> 
     </span>
     <span class='ocr_line' id='line_1_18' title="bbox 182 1451 1799 1518; baseline 0.001 -31"><span class='ocrx_word' id='word_1_156' title='bbox 182 1451 362 1518; x_wconf 46' lang='grc' dir='ltr'>ᾗῑέἶῗοὸἕίἳές</span> <span class='ocrx_word' id='word_1_157' title='bbox 464 1451 633 1499; x_wconf 88' lang='lat' dir='ltr'>promoti</span> <span class='ocrx_word' id='word_1_158' title='bbox 675 1463 743 1500; x_wconf 91' lang='lat' dir='ltr'>per</span> <span class='ocrx_word' id='word_1_159' title='bbox 780 1463 891 1499; x_wconf 85' lang='lat' dir='ltr'>reges</span> <span class='ocrx_word' id='word_1_160' title='bbox 930 1458 1018 1489; x_wconf 90' lang='lat' dir='ltr'>sunt</span> <span class='ocrx_word' id='word_1_161' title='bbox 1056 1451 1137 1489; x_wconf 75' lang='lat' dir='ltr'>eis³</span> <span class='ocrx_word' id='word_1_162' title='bbox 1175 1452 1363 1489; x_wconf 87' lang='lat' dir='ltr'>meliores.</span> <span class='ocrx_word' id='word_1_163' title='bbox 1436 1451 1530 1488; x_wconf 90' lang='lat' dir='ltr'>Non</span> <span class='ocrx_word' id='word_1_164' title='bbox 1568 1464 1662 1501; x_wconf 86' lang='lat' dir='ltr'>ergo</span> <span class='ocrx_word' id='word_1_165' title='bbox 1699 1451 1799 1489; x_wconf 86' lang='lat' dir='ltr'>valet</span> 
     </span>
    </p>
   </div>
   <div class='ocr_carea' id='block_1_10' title="bbox 182 1519 1799 1585">
    <p class='ocr_par' dir='ltr' id='par_1_10' title="bbox 182 1519 1799 1585">
     <span class='ocr_line' id='line_1_19' title="bbox 182 1519 1799 1585; baseline 0.001 -27"><span class='ocrx_word' id='word_1_166' title='bbox 182 1519 401 1585; x_wconf 53' lang='grc' dir='ltr'>ᾒῗζῇῗζζῗζξηὶς</span> <span class='ocrx_word' id='word_1_167' title='bbox 464 1522 624 1559; x_wconf 85' lang='lat' dir='ltr'>limitare</span> <span class='ocrx_word' id='word_1_168' title='bbox 657 1523 931 1572; x_wconf 89' lang='lat' dir='ltr'>promociones</span> <span class='ocrx_word' id='word_1_169' title='bbox 957 1523 1178 1561; x_wconf 88' lang='lat' dir='ltr'>huiusmodi</span> <span class='ocrx_word' id='word_1_170' title='bbox 1199 1523 1248 1561; x_wconf 88' lang='lat' dir='ltr'>ad</span> <span class='ocrx_word' id='word_1_171' title='bbox 1270 1523 1394 1561; x_wconf 90' lang='lat' dir='ltr'>solum</span> <span class='ocrx_word' id='word_1_172' title='bbox 1416 1522 1632 1572; x_wconf 85' lang='lat' dir='ltr'>theologos.</span> <span class='ocrx_word' id='word_1_173' title='bbox 1690 1522 1799 1560; x_wconf 87' lang='lat' dir='ltr'>Patet</span> 
     </span>
    </p>
   </div>
   <div class='ocr_carea' id='block_1_11' title="bbox 183 1591 443 1686">
    <p class='ocr_par' dir='ltr' id='par_1_11' title="bbox 183 1591 443 1686">
     <span class='ocr_line' id='line_1_20' title="bbox 183 1591 443 1619; baseline 0 -7"><span class='ocrx_word' id='word_1_174' title='bbox 183 1592 212 1612; x_wconf 84' lang='lat' dir='ltr'>to</span> <span class='ocrx_word' id='word_1_175' title='bbox 226 1596 273 1619; x_wconf 88' lang='lat' dir='ltr'>my</span> <span class='ocrx_word' id='word_1_176' title='bbox 285 1591 443 1619; x_wconf 85' lang='lat' dir='ltr'>argument,</span> 
     </span>
     <span class='ocr_line' id='line_1_21' title="bbox 183 1620 423 1647; baseline 0 -1"><span class='ocrx_word' id='word_1_177' title='bbox 183 1621 227 1646; x_wconf 91' lang='lat' dir='ltr'>for</span> <span class='ocrx_word' id='word_1_178' title='bbox 241 1620 296 1646; x_wconf 84' lang='lat' dir='ltr'>this</span> <span class='ocrx_word' id='word_1_179' title='bbox 309 1620 332 1646; x_wconf 88' lang='lat' dir='ltr'>is</span> <span class='ocrx_word' id='word_1_180' title='bbox 346 1626 375 1647; x_wconf 93' lang='lat' dir='ltr'>to</span> <span class='ocrx_word' id='word_1_181' title='bbox 388 1621 423 1646; x_wconf 87' lang='lat' dir='ltr'>be</span> 
     </span>
     <span class='ocr_line' id='line_1_22' title="bbox 183 1655 329 1686; baseline 0 -6"><span class='ocrx_word' id='word_1_182' title='bbox 183 1655 329 1686; x_wconf 81' lang='lat' dir='ltr'>expected.</span> 
     </span>
    </p>
   </div>
   <div class='ocr_carea' id='block_1_12' title="bbox 184 1593 1854 2143">
    <p class='ocr_par' dir='ltr' id='par_1_12' title="bbox 184 1593 1854 2143">
     <span class='ocr_line' id='line_1_23' title="bbox 464 1593 1798 1644; baseline 0 -14"><span class='ocrx_word' id='word_1_183' title='bbox 464 1593 571 1642; x_wconf 91' lang='lat' dir='ltr'>quod</span> <span class='ocrx_word' id='word_1_184' title='bbox 591 1593 623 1630; x_wconf 86' lang='lat' dir='ltr'>si</span> <span class='ocrx_word' id='word_1_185' title='bbox 642 1593 841 1631; x_wconf 87' lang='lat' dir='ltr'>evidencia</span> <span class='ocrx_word' id='word_1_186' title='bbox 860 1594 932 1632; x_wconf 85' lang='lat' dir='ltr'>ista</span> <span class='ocrx_word' id='word_1_187' title='bbox 951 1600 1132 1640; x_wconf 79' lang='lat' dir='ltr'>moveret,</span> <span class='ocrx_word' id='word_1_188' title='bbox 1153 1607 1368 1644; x_wconf 83' lang='lat' dir='ltr'>numquam</span> <span class='ocrx_word' id='word_1_189' title='bbox 1397 1601 1676 1643; x_wconf 89' lang='lat' dir='ltr'>preponeretur</span> <span class='ocrx_word' id='word_1_190' title='bbox 1700 1606 1798 1631; x_wconf 91' lang='lat' dir='ltr'>unus</span> 
     </span>
     <span class='ocr_line' id='line_1_24' title="bbox 464 1664 1853 1715; baseline 0 -14"><span class='ocrx_word' id='word_1_191' title='bbox 464 1670 584 1701; x_wconf 88' lang='lat' dir='ltr'>status</span> <span class='ocrx_word' id='word_1_192' title='bbox 610 1664 729 1712; x_wconf 81' lang='lat' dir='ltr'>alteri,</span> <span class='ocrx_word' id='word_1_193' title='bbox 760 1677 808 1702; x_wconf 90' lang='lat' dir='ltr'>eo</span> <span class='ocrx_word' id='word_1_194' title='bbox 843 1665 949 1714; x_wconf 89' lang='lat' dir='ltr'>quod</span> <span class='ocrx_word' id='word_1_195' title='bbox 983 1665 1031 1702; x_wconf 87' lang='lat' dir='ltr'>de</span> <span class='ocrx_word' id='word_1_196' title='bbox 1064 1673 1163 1703; x_wconf 88' lang='lat' dir='ltr'>statu</span> <span class='ocrx_word' id='word_1_197' title='bbox 1190 1666 1315 1703; x_wconf 88' lang='lat' dir='ltr'>altiori</span> <span class='ocrx_word' id='word_1_198' title='bbox 1344 1665 1580 1715; x_wconf 86' lang='lat' dir='ltr'>quandoque</span> <span class='ocrx_word' id='word_1_199' title='bbox 1609 1665 1797 1714; x_wconf 88' lang='lat' dir='ltr'>contingit</span> <span class='ocrx_word' id='word_1_200' title='bbox 1812 1673 1853 1695; x_wconf 89' lang='lat'>20</span> 
     </span>
     <span class='ocr_line' id='line_1_25' title="bbox 465 1735 1799 1785; baseline 0.001 -13"><span class='ocrx_word' id='word_1_201' title='bbox 465 1735 555 1773; x_wconf 87' lang='lat' dir='ltr'>oriri</span> <span class='ocrx_word' id='word_1_202' title='bbox 588 1742 797 1785; x_wconf 85' lang='lat' dir='ltr'>apostotas.</span> <span class='ocrx_word' id='word_1_203' title='bbox 854 1735 1002 1774; x_wconf 88' lang='lat' dir='ltr'>Ymmo</span> <span class='ocrx_word' id='word_1_204' title='bbox 1036 1736 1084 1774; x_wconf 92' lang='lat' dir='ltr'>de</span> <span class='ocrx_word' id='word_1_205' title='bbox 1120 1744 1219 1774; x_wconf 88' lang='lat' dir='ltr'>statu</span> <span class='ocrx_word' id='word_1_206' title='bbox 1257 1737 1379 1774; x_wconf 88' lang='lat' dir='ltr'>altiori</span> <span class='ocrx_word' id='word_1_207' title='bbox 1410 1736 1581 1782; x_wconf 86' lang='lat' dir='ltr'>vertibili,</span> <span class='ocrx_word' id='word_1_208' title='bbox 1614 1737 1711 1774; x_wconf 91' lang='lat' dir='ltr'>sicut</span> <span class='ocrx_word' id='word_1_209' title='bbox 1744 1736 1799 1773; x_wconf 90' lang='lat' dir='ltr'>eis</span> 
     </span>
     <span class='ocr_line' id='line_1_26' title="bbox 466 1807 1800 1857; baseline -0.001 -13"><span class='ocrx_word' id='word_1_210' title='bbox 466 1807 655 1844; x_wconf 86' lang='lat' dir='ltr'>stantibus</span> <span class='ocrx_word' id='word_1_211' title='bbox 674 1807 787 1845; x_wconf 81' lang='lat' dir='ltr'>fuerit</span> <span class='ocrx_word' id='word_1_212' title='bbox 806 1807 890 1857; x_wconf 90' lang='lat' dir='ltr'>plus</span> <span class='ocrx_word' id='word_1_213' title='bbox 911 1808 1064 1854; x_wconf 86' lang='lat' dir='ltr'>strenui,</span> <span class='ocrx_word' id='word_1_214' title='bbox 1083 1808 1136 1845; x_wconf 89' lang='lat' dir='ltr'>sic</span> <span class='ocrx_word' id='word_1_215' title='bbox 1156 1808 1267 1845; x_wconf 88' lang='lat' dir='ltr'>fuerit</span> <span class='ocrx_word' id='word_1_216' title='bbox 1287 1808 1342 1845; x_wconf 91' lang='lat' dir='ltr'>eis</span> <span class='ocrx_word' id='word_1_217' title='bbox 1363 1807 1684 1857; x_wconf 80' lang='lat' dir='ltr'>degenerantibus</span> <span class='ocrx_word' id='word_1_218' title='bbox 1714 1807 1800 1856; x_wconf 93' lang='lat' dir='ltr'>plus</span> 
     </span>
     <span class='ocr_line' id='line_1_27' title="bbox 464 1878 1801 1928; baseline 0 -13"><span class='ocrx_word' id='word_1_219' title='bbox 464 1878 642 1928; x_wconf 90' lang='lat' dir='ltr'>perversi.</span> <span class='ocrx_word' id='word_1_220' title='bbox 720 1878 813 1916; x_wconf 91' lang='lat' dir='ltr'>Non</span> <span class='ocrx_word' id='word_1_221' title='bbox 860 1885 989 1916; x_wconf 82' lang='lat' dir='ltr'>tamen</span> <span class='ocrx_word' id='word_1_222' title='bbox 1037 1886 1241 1928; x_wconf 89' lang='lat' dir='ltr'>propterea</span> <span class='ocrx_word' id='word_1_223' title='bbox 1290 1879 1402 1916; x_wconf 90' lang='lat' dir='ltr'>debet</span> <span class='ocrx_word' id='word_1_224' title='bbox 1449 1879 1631 1928; x_wconf 87' lang='lat' dir='ltr'>postponi</span> <span class='ocrx_word' id='word_1_225' title='bbox 1679 1884 1801 1915; x_wconf 90' lang='lat' dir='ltr'>status</span> 
     </span>
     <span class='ocr_line' id='line_1_28' title="bbox 464 1949 1800 2000; baseline 0 -14"><span class='ocrx_word' id='word_1_226' title='bbox 464 1949 643 1987; x_wconf 89' lang='lat' dir='ltr'>humilior</span> <span class='ocrx_word' id='word_1_227' title='bbox 682 1950 731 1987; x_wconf 90' lang='lat' dir='ltr'>ad</span> <span class='ocrx_word' id='word_1_228' title='bbox 770 1950 994 2000; x_wconf 89' lang='lat' dir='ltr'>regendum.</span> <span class='ocrx_word' id='word_1_229' title='bbox 1050 1950 1100 1987; x_wconf 90' lang='lat' dir='ltr'>Et</span> <span class='ocrx_word' id='word_1_230' title='bbox 1135 1950 1188 1988; x_wconf 90' lang='lat' dir='ltr'>sic</span> <span class='ocrx_word' id='word_1_231' title='bbox 1227 1950 1402 1987; x_wconf 88' lang='lat' dir='ltr'>concedo</span> <span class='ocrx_word' id='word_1_232' title='bbox 1436 1950 1542 1999; x_wconf 91' lang='lat' dir='ltr'>quod</span> <span class='ocrx_word' id='word_1_233' title='bbox 1577 1950 1624 1988; x_wconf 90' lang='lat' dir='ltr'>de</span> <span class='ocrx_word' id='word_1_234' title='bbox 1656 1950 1800 1987; x_wconf 86' lang='lat' dir='ltr'>clericis</span> 
     </span>
     <span class='ocr_line' id='line_1_29' title="bbox 465 2021 1851 2072; baseline -0.001 -14"><span class='ocrx_word' id='word_1_235' title='bbox 465 2021 567 2070; x_wconf 89' lang='lat' dir='ltr'>regis</span> <span class='ocrx_word' id='word_1_236' title='bbox 598 2022 787 2070; x_wconf 88' lang='lat' dir='ltr'>contingit</span> <span class='ocrx_word' id='word_1_237' title='bbox 820 2034 902 2059; x_wconf 88' lang='lat' dir='ltr'>esse</span> <span class='ocrx_word' id='word_1_238' title='bbox 933 2022 1082 2072; x_wconf 82' lang='lat' dir='ltr'>pugiles</span> <span class='ocrx_word' id='word_1_239' title='bbox 1111 2022 1300 2071; x_wconf 87' lang='lat' dir='ltr'>gloriosos</span> <span class='ocrx_word' id='word_1_240' title='bbox 1330 2022 1426 2059; x_wconf 86' lang='lat' dir='ltr'>sicut</span> <span class='ocrx_word' id='word_1_241' title='bbox 1455 2028 1558 2071; x_wconf 86' lang='lat' dir='ltr'>patet</span> <span class='ocrx_word' id='word_1_242' title='bbox 1588 2021 1635 2058; x_wconf 91' lang='lat' dir='ltr'>de</span> <span class='ocrx_word' id='word_1_243' title='bbox 1666 2029 1798 2059; x_wconf 89' lang='lat' dir='ltr'>sancto</span> <span class='ocrx_word' id='word_1_244' title='bbox 1814 2034 1851 2065; x_wconf 88' lang='lat'>25</span> 
     </span>
     <span class='ocr_line' id='line_1_30' title="bbox 184 2092 1854 2143; baseline 0.001 -14"><span class='ocrx_word' id='word_1_245' title='bbox 184 2093 246 2118; x_wconf 82' lang='lat' dir='ltr'>The</span> <span class='ocrx_word' id='word_1_246' title='bbox 258 2092 373 2118; x_wconf 62' lang='lat' dir='ltr'>faithful</span> <span class='ocrx_word' id='word_1_247' title='bbox 468 2092 638 2130; x_wconf 86' lang='lat' dir='ltr'>Thoma.</span> <span class='ocrx_word' id='word_1_248' title='bbox 697 2092 774 2130; x_wconf 89' lang='lat' dir='ltr'>Sed</span> <span class='ocrx_word' id='word_1_249' title='bbox 807 2099 914 2131; x_wconf 89' lang='lat' dir='ltr'>notet</span> <span class='ocrx_word' id='word_1_250' title='bbox 940 2094 1061 2131; x_wconf 91' lang='lat' dir='ltr'>fidelis</span> <span class='ocrx_word' id='word_1_251' title='bbox 1088 2094 1192 2143; x_wconf 89' lang='lat' dir='ltr'>quod</span> <span class='ocrx_word' id='word_1_252' title='bbox 1222 2106 1301 2131; x_wconf 89' lang='lat' dir='ltr'>non</span> <span class='ocrx_word' id='word_1_253' title='bbox 1334 2106 1452 2143; x_wconf 91' lang='lat' dir='ltr'>penes</span> <span class='ocrx_word' id='word_1_254' title='bbox 1482 2093 1799 2142; x_wconf 85' lang='lat' dir='ltr'>multiplicitatem</span> <span class='ocrx_word' id='word_1_255' title='bbox 1812 2101 1854 2131; x_wconf 84' lang='lat' dir='ltr'>L.</span> 
     </span>
    </p>
   </div>
   <div class='ocr_carea' id='block_1_13' title="bbox 185 2127 1801 2361">
    <p class='ocr_par' dir='ltr' id='par_1_13' title="bbox 185 2127 413 2152">
     <span class='ocr_line' id='line_1_31' title="bbox 185 2127 413 2152; baseline 0 0"><span class='ocrx_word' id='word_1_256' title='bbox 185 2132 259 2152; x_wconf 81' lang='lat' dir='ltr'>must</span> <span class='ocrx_word' id='word_1_257' title='bbox 272 2132 338 2152; x_wconf 85' lang='lat' dir='ltr'>note</span> <span class='ocrx_word' id='word_1_258' title='bbox 351 2127 413 2152; x_wconf 81' lang='lat' dir='ltr'>that</span> 
     </span>
    </p>

    <p class='ocr_par' dir='ltr' id='par_1_14' title="bbox 185 2160 1801 2361">
     <span class='ocr_line' id='line_1_32' title="bbox 186 2160 1798 2227; baseline -0.001 -26"><span class='ocrx_word' id='word_1_259' title='bbox 186 2160 337 2219; x_wconf 47' lang='grc' dir='ltr'>ξζζὲῑὲξθξ</span> <span class='ocrx_word' id='word_1_260' title='bbox 349 2194 389 2227; x_wconf 73' lang='lat' dir='ltr'>by</span> <span class='ocrx_word' id='word_1_261' title='bbox 467 2164 737 2213; x_wconf 86' lang='lat' dir='ltr'>temporalium</span> <span class='ocrx_word' id='word_1_262' title='bbox 769 2165 827 2201; x_wconf 86' lang='lat' dir='ltr'>vel</span> <span class='ocrx_word' id='word_1_263' title='bbox 854 2165 1147 2214; x_wconf 84' lang='lat' dir='ltr'>prosperitatem</span> <span class='ocrx_word' id='word_1_264' title='bbox 1174 2165 1425 2211; x_wconf 81' lang='lat' dir='ltr'>mundanam,</span> <span class='ocrx_word' id='word_1_265' title='bbox 1448 2165 1514 2203; x_wconf 91' lang='lat' dir='ltr'>sed</span> <span class='ocrx_word' id='word_1_266' title='bbox 1544 2177 1663 2214; x_wconf 89' lang='lat' dir='ltr'>penes</span> <span class='ocrx_word' id='word_1_267' title='bbox 1692 2164 1798 2202; x_wconf 87' lang='lat' dir='ltr'>edifi-</span> 
     </span>
     <span class='ocr_line' id='line_1_33' title="bbox 185 2227 420 2260; baseline 0 -7"><span class='ocrx_word' id='word_1_268' title='bbox 185 2227 313 2260; x_wconf 81' lang='lat' dir='ltr'>spiritual</span> <span class='ocrx_word' id='word_1_269' title='bbox 326 2237 420 2260; x_wconf 88' lang='lat' dir='ltr'>power</span> 
     </span>
     <span class='ocr_line' id='line_1_34' title="bbox 186 2261 401 2299; baseline 0.005 -12"><span class='ocrx_word' id='word_1_270' title='bbox 186 2262 219 2287; x_wconf 89' lang='lat' dir='ltr'>of</span> <span class='ocrx_word' id='word_1_271' title='bbox 227 2261 401 2299; x_wconf 69' lang='lat' dir='ltr'>copversion.</span> 
     </span>
     <span class='ocr_line' id='line_1_35' title="bbox 187 2295 1801 2361; baseline 0.001 -18"><span class='ocrx_word' id='word_1_272' title='bbox 187 2295 442 2361; x_wconf 50' lang='lat' dir='ltr'>{flflgsbssossffijss}</span> <span class='ocrx_word' id='word_1_273' title='bbox 468 2306 643 2344; x_wconf 89' lang='lat' dir='ltr'>doctrina</span> <span class='ocrx_word' id='word_1_274' title='bbox 663 2306 757 2355; x_wconf 87' lang='lat' dir='ltr'>legis</span> <span class='ocrx_word' id='word_1_275' title='bbox 774 2306 898 2353; x_wconf 83' lang='lat' dir='ltr'>Cristi‚</span> <span class='ocrx_word' id='word_1_276' title='bbox 916 2316 1110 2345; x_wconf 86' lang='lat' dir='ltr'>mensuret</span> <span class='ocrx_word' id='word_1_277' title='bbox 1130 2309 1313 2357; x_wconf 86' lang='lat' dir='ltr'>prepositi</span> <span class='ocrx_word' id='word_1_278' title='bbox 1329 2308 1570 2357; x_wconf 85' lang='lat' dir='ltr'>probitatem,</span> <span class='ocrx_word' id='word_1_279' title='bbox 1587 2307 1694 2357; x_wconf 91' lang='lat' dir='ltr'>quod</span> <span class='ocrx_word' id='word_1_280' title='bbox 1710 2320 1801 2356; x_wconf 88' lang='lat' dir='ltr'>sepe</span> 
     </span>
    </p>
   </div>
   <div class='ocr_carea' id='block_1_14' title="bbox 187 2363 419 2396">
    <p class='ocr_par' dir='ltr' id='par_1_15' title="bbox 187 2363 419 2396">
     <span class='ocr_line' id='line_1_36' title="bbox 187 2363 419 2396; baseline 0 -8"><span class='ocrx_word' id='word_1_281' title='bbox 187 2363 245 2388; x_wconf 79' lang='lat' dir='ltr'>and</span> <span class='ocrx_word' id='word_1_282' title='bbox 257 2363 419 2396; x_wconf 77' lang='lat' dir='ltr'>sorergners.</span> 
     </span>
    </p>
   </div>
   <div class='ocr_carea' id='block_1_15' title="bbox 469 2235 1798 2285">
    <p class='ocr_par' dir='ltr' id='par_1_16' title="bbox 469 2235 1798 2285">
     <span class='ocr_line' id='line_1_37' title="bbox 469 2235 1798 2285; baseline -0.001 -12"><span class='ocrx_word' id='word_1_283' title='bbox 469 2235 666 2273; x_wconf 87' lang='lat' dir='ltr'>cacionem</span> <span class='ocrx_word' id='word_1_284' title='bbox 707 2235 941 2284; x_wconf 84' lang='lat' dir='ltr'>spiritualem</span> <span class='ocrx_word' id='word_1_285' title='bbox 981 2237 1241 2274; x_wconf 88' lang='lat' dir='ltr'>convertendo</span> <span class='ocrx_word' id='word_1_286' title='bbox 1280 2237 1452 2275; x_wconf 90' lang='lat' dir='ltr'>subditos</span> <span class='ocrx_word' id='word_1_287' title='bbox 1491 2249 1513 2273; x_wconf 91' lang='lat' dir='ltr'>a</span> <span class='ocrx_word' id='word_1_288' title='bbox 1552 2236 1717 2285; x_wconf 89' lang='lat' dir='ltr'>peccatis</span> <span class='ocrx_word' id='word_1_289' title='bbox 1751 2249 1798 2273; x_wconf 85' lang='lat' dir='ltr'>ex</span> 
     </span>
    </p>
   </div>
   <div class='ocr_carea' id='block_1_16' title="bbox 466 2377 1855 2714">
    <p class='ocr_par' dir='ltr' id='par_1_17' title="bbox 466 2377 1855 2714">
     <span class='ocr_line' id='line_1_38' title="bbox 468 2377 1855 2429; baseline 0.001 -15"><span class='ocrx_word' id='word_1_290' title='bbox 468 2378 594 2415; x_wconf 89' lang='lat' dir='ltr'>evenit</span> <span class='ocrx_word' id='word_1_291' title='bbox 620 2377 667 2414; x_wconf 90' lang='lat' dir='ltr'>de</span> <span class='ocrx_word' id='word_1_292' title='bbox 692 2378 885 2427; x_wconf 84' lang='lat' dir='ltr'>indigenis</span> <span class='ocrx_word' id='word_1_293' title='bbox 917 2379 1040 2415; x_wconf 86' lang='lat' dir='ltr'>eciam</span> <span class='ocrx_word' id='word_1_294' title='bbox 1069 2379 1219 2427; x_wconf 83' lang='lat' dir='ltr'>ydiotis,</span> <span class='ocrx_word' id='word_1_295' title='bbox 1250 2386 1287 2417; x_wconf 91' lang='lat' dir='ltr'>et</span> <span class='ocrx_word' id='word_1_296' title='bbox 1315 2392 1406 2429; x_wconf 89' lang='lat' dir='ltr'>sepe</span> <span class='ocrx_word' id='word_1_297' title='bbox 1437 2379 1484 2416; x_wconf 90' lang='lat' dir='ltr'>de</span> <span class='ocrx_word' id='word_1_298' title='bbox 1511 2378 1737 2428; x_wconf 83' lang='lat' dir='ltr'>alienigenis</span> <span class='ocrx_word' id='word_1_299' title='bbox 1760 2385 1800 2416; x_wconf 88' lang='lat' dir='ltr'>ut</span> <span class='ocrx_word' id='word_1_300' title='bbox 1814 2390 1855 2420; x_wconf 81' lang='lat'>30</span> 
     </span>
     <span class='ocr_line' id='line_1_39' title="bbox 466 2449 1802 2499; baseline 0 -13"><span class='ocrx_word' id='word_1_301' title='bbox 466 2455 573 2499; x_wconf 89' lang='lat' dir='ltr'>patet</span> <span class='ocrx_word' id='word_1_302' title='bbox 597 2449 642 2486; x_wconf 92' lang='lat' dir='ltr'>de</span> <span class='ocrx_word' id='word_1_303' title='bbox 659 2449 877 2487; x_wconf 87' lang='lat' dir='ltr'>Anshelmo</span> <span class='ocrx_word' id='word_1_304' title='bbox 896 2457 933 2486; x_wconf 91' lang='lat' dir='ltr'>et</span> <span class='ocrx_word' id='word_1_305' title='bbox 955 2450 1127 2499; x_wconf 87' lang='lat' dir='ltr'>Hugone</span> <span class='ocrx_word' id='word_1_306' title='bbox 1148 2458 1185 2488; x_wconf 90' lang='lat' dir='ltr'>et</span> <span class='ocrx_word' id='word_1_307' title='bbox 1209 2452 1354 2490; x_wconf 85' lang='lat' dir='ltr'>ceteris.</span> <span class='ocrx_word' id='word_1_308' title='bbox 1402 2452 1453 2488; x_wconf 80' lang='lat' dir='ltr'>Et</span> <span class='ocrx_word' id='word_1_309' title='bbox 1473 2452 1559 2489; x_wconf 89' lang='lat' dir='ltr'>ideo</span> <span class='ocrx_word' id='word_1_310' title='bbox 1581 2458 1637 2488; x_wconf 91' lang='lat' dir='ltr'>est</span> <span class='ocrx_word' id='word_1_311' title='bbox 1658 2451 1802 2488; x_wconf 89' lang='lat' dir='ltr'>licitum</span> 
     </span>
     <span class='ocr_line' id='line_1_40' title="bbox 468 2520 1801 2572; baseline 0.002 -15"><span class='ocrx_word' id='word_1_312' title='bbox 468 2526 581 2569; x_wconf 88' lang='lat' dir='ltr'>atque</span> <span class='ocrx_word' id='word_1_313' title='bbox 615 2520 825 2570; x_wconf 82' lang='lat' dir='ltr'>expediens</span> <span class='ocrx_word' id='word_1_314' title='bbox 859 2522 1072 2559; x_wconf 87' lang='lat' dir='ltr'>secundum</span> <span class='ocrx_word' id='word_1_315' title='bbox 1104 2523 1366 2560; x_wconf 89' lang='lat' dir='ltr'>intencionem</span> <span class='ocrx_word' id='word_1_316' title='bbox 1394 2531 1537 2561; x_wconf 87' lang='lat' dir='ltr'>rectam</span> <span class='ocrx_word' id='word_1_317' title='bbox 1569 2529 1682 2572; x_wconf 90' lang='lat' dir='ltr'>atque</span> <span class='ocrx_word' id='word_1_318' title='bbox 1712 2534 1801 2571; x_wconf 92' lang='lat' dir='ltr'>pro-</span> 
     </span>
     <span class='ocr_line' id='line_1_41' title="bbox 468 2591 1802 2632; baseline 0.002 -5"><span class='ocrx_word' id='word_1_319' title='bbox 468 2591 636 2628; x_wconf 87' lang='lat' dir='ltr'>babilem</span> <span class='ocrx_word' id='word_1_320' title='bbox 674 2591 874 2630; x_wconf 88' lang='lat' dir='ltr'>alternare.</span> <span class='ocrx_word' id='word_1_321' title='bbox 949 2592 1054 2631; x_wconf 88' lang='lat' dir='ltr'>Ymo</span> <span class='ocrx_word' id='word_1_322' title='bbox 1090 2600 1129 2630; x_wconf 91' lang='lat' dir='ltr'>ut</span> <span class='ocrx_word' id='word_1_323' title='bbox 1162 2595 1279 2632; x_wconf 90' lang='lat' dir='ltr'>credo</span> <span class='ocrx_word' id='word_1_324' title='bbox 1318 2595 1412 2632; x_wconf 89' lang='lat' dir='ltr'>deus</span> <span class='ocrx_word' id='word_1_325' title='bbox 1454 2595 1541 2632; x_wconf 90' lang='lat' dir='ltr'>ideo</span> <span class='ocrx_word' id='word_1_326' title='bbox 1584 2600 1663 2631; x_wconf 85' lang='lat' dir='ltr'>tam</span> <span class='ocrx_word' id='word_1_327' title='bbox 1700 2594 1802 2630; x_wconf 87' lang='lat' dir='ltr'>varie</span> 
     </span>
     <span class='ocr_line' id='line_1_42' title="bbox 469 2663 1802 2714; baseline 0.002 -15"><span class='ocrx_word' id='word_1_328' title='bbox 469 2663 640 2711; x_wconf 85' lang='lat' dir='ltr'>disponit</span> <span class='ocrx_word' id='word_1_329' title='bbox 661 2664 878 2712; x_wconf 88' lang='lat' dir='ltr'>prepositos</span> <span class='ocrx_word' id='word_1_330' title='bbox 908 2670 948 2701; x_wconf 89' lang='lat' dir='ltr'>ut</span> <span class='ocrx_word' id='word_1_331' title='bbox 978 2677 1261 2713; x_wconf 86' lang='lat' dir='ltr'>cognoscamus</span> <span class='ocrx_word' id='word_1_332' title='bbox 1281 2678 1362 2703; x_wconf 90' lang='lat' dir='ltr'>non</span> <span class='ocrx_word' id='word_1_333' title='bbox 1387 2679 1433 2703; x_wconf 88' lang='lat' dir='ltr'>ex</span> <span class='ocrx_word' id='word_1_334' title='bbox 1464 2672 1582 2703; x_wconf 87' lang='lat' dir='ltr'>status</span> <span class='ocrx_word' id='word_1_335' title='bbox 1607 2665 1802 2714; x_wconf 87' lang='lat' dir='ltr'>dignitate,</span> 
     </span>
    </p>
   </div>
   <div class='ocr_carea' id='block_1_17' title="bbox 471 2759 1803 2855">
    <p class='ocr_par' dir='ltr' id='par_1_18' title="bbox 471 2759 1803 2855">
     <span class='ocr_line' id='line_1_43' title="bbox 515 2759 1803 2805; baseline 0.002 -15"><span class='ocrx_word' id='word_1_336' title='bbox 515 2759 524 2776; x_wconf 91' lang='lat'>¹</span> <span class='ocrx_word' id='word_1_337' title='bbox 549 2760 643 2791; x_wconf 83' lang='lat' dir='ltr'>fuerit</span> <span class='ocrx_word' id='word_1_338' title='bbox 667 2771 787 2800; x_wconf 85' lang='lat' dir='ltr'>versus,</span> <span class='ocrx_word' id='word_1_339' title='bbox 812 2770 842 2793; x_wconf 78' lang='grc' dir='ltr'>Β.</span> <span class='ocrx_word' id='word_1_340' title='bbox 909 2761 921 2778; x_wconf 76' lang='lat'><strong>²</strong></span> <span class='ocrx_word' id='word_1_341' title='bbox 944 2773 1042 2803; x_wconf 88' lang='lat' dir='ltr'>quam</span> <span class='ocrx_word' id='word_1_342' title='bbox 1052 2767 1127 2804; x_wconf 75' lang='lat' dir='ltr'>post</span> <span class='ocrx_word' id='word_1_343' title='bbox 1142 2763 1228 2805; x_wconf 86' lang='lat' dir='ltr'>plus,</span> <span class='ocrx_word' id='word_1_344' title='bbox 1244 2764 1319 2795; x_wconf 79' lang='lat' dir='ltr'>add.</span> <span class='ocrx_word' id='word_1_345' title='bbox 1338 2772 1382 2803; x_wconf 88' lang='lat' dir='ltr'>A;</span> <span class='ocrx_word' id='word_1_346' title='bbox 1406 2774 1505 2805; x_wconf 82' lang='lat' dir='ltr'>quam</span> <span class='ocrx_word' id='word_1_347' title='bbox 1527 2764 1754 2802; x_wconf 80' lang='lat' dir='ltr'>cancellatum,</span> <span class='ocrx_word' id='word_1_348' title='bbox 1772 2770 1803 2794; x_wconf 87' lang='grc' dir='ltr'>Β.</span> 
     </span>
     <span class='ocr_line' id='line_1_44' title="bbox 471 2811 1104 2855; baseline 0.006 -13"><span class='ocrx_word' id='word_1_349' title='bbox 471 2811 481 2828; x_wconf 78' lang='grc'>·”</span> <span class='ocrx_word' id='word_1_350' title='bbox 508 2812 592 2851; x_wconf 86' lang='lat' dir='ltr'>aliis,</span> <span class='ocrx_word' id='word_1_351' title='bbox 611 2821 654 2851; x_wconf 83' lang='grc' dir='ltr'>Λ;</span> <span class='ocrx_word' id='word_1_352' title='bbox 679 2814 737 2852; x_wconf 87' lang='lat' dir='ltr'>eis,</span> <span class='ocrx_word' id='word_1_353' title='bbox 755 2816 792 2844; x_wconf 74' lang='lat' dir='ltr'>z&#39;n</span> <span class='ocrx_word' id='word_1_354' title='bbox 810 2824 915 2855; x_wconf 70' lang='lat' dir='ltr'>marg.</span> <span class='ocrx_word' id='word_1_355' title='bbox 933 2815 1056 2853; x_wconf 73' lang='lat' dir='ltr'>ceteris,</span> <span class='ocrx_word' id='word_1_356' title='bbox 1075 2823 1104 2846; x_wconf 86' lang='lat' dir='ltr'>B.</span> 
     </span>
    </p>
   </div>
  </div>
 </body>
</html>
