2051 3299
703 200 768 231 DE
799 199 994 231 OFFICIO
1029 197 1184 229 REGIS.
1815 194 1889 236 171

280 308 349 345 erit
391 307 494 356 leges
539 306 722 356 perficere
770 311 849 342 tam
895 305 1118 353 suspectas?
1176 303 1452 340 Recoleremus
1499 301 1614 349 igitur

61 386 194 417 Decret.
280 379 380 415 illius
427 377 678 416 confessionis
725 376 889 413 veridice
933 388 967 413 v.
1017 375 1263 412 decretalium
1309 374 1372 411 De
1417 373 1614 411 sentencia
1626 386 1689 412 The
1702 385 1849 412 Decretals

62 429 137 460 Lib.
155 436 190 459 V.
201 428 268 459 Tit.
479 449 486 456 .
564 449 570 455 .
631 449 637 456 .
839 448 845 455 .
1053 447 1060 454 .
1150 446 1157 453 .
1626 420 1767 458 point-out
1781 420 1828 445 the

63 460 660 504 XXXbke-2&excomunlcacionls
688 447 723 484 A
756 448 887 484 nobzs:
928 445 1021 493 Nos,
1051 453 1175 496 lnqu1t
1209 458 1321 495 papa,
1360 446 1614 494 respondemus
1627 454 1748 486 11ab111ty
1761 453 1850 480 ofthe

278 521 376 569 quod
401 521 577 557 iudicium
611 521 672 556 dez'
697 520 851 556 veritati
876 532 941 567 que
969 531 1040 555 non
1058 518 1181 566 fallit
1207 530 1270 554 nec
1284 517 1449 565 fallitur
1478 523 1615 564 semper
1624 486 1895 548 Jsflffirrgfiniooieiilgr.

250 593 458 632 52'nnz‘lz'lur
476 606 497 635 ,·
553 592 731 628 iudicium
784 595 903 627 aulem
956 590 1094 627 ecclesie
1141 601 1331 637 nunquam
1348 585 1361 605 1
1408 588 1611 636 opinionem

278 665 443 712 sequitur
479 675 591 711 quam
629 666 663 698 et
681 662 827 712 fallere
862 668 937 709 sepe
952 659 965 678 ²
1003 660 1185 708 contingit
1223 663 1257 695 et
1275 659 1392 708 falli.
1449 658 1613 706 Propter

279 735 379 783 quod
404 735 586 782 conlz'ngit
615 734 798 770 interdum
832 737 875 769 ut
900 732 970 780 quz'
998 732 1139 778 lzgvatus
1171 734 1225 766 est
1255 734 1348 779 aput
1375 730 1477 765 deum
1510 729 1614 765 eccle-

279 807 431 842 siastica
465 805 644 841 sentencia
677 805 729 840 sil
758 803 964 840 innodatus.
1032 801 1249 838 Periculum
1282 806 1411 837 autem
1445 799 1542 837 foret
1575 799 1615 835 in

281 876 354 912 ista
392 876 550 913 materia
596 875 701 923 leges
748 874 938 911 humanas
986 872 1217 921 multiplices
1264 871 1484 921 practisare,
1525 870 1615 918 quia

230 948 477 996 10ignoratur
513 946 671 996 quando
709 952 875 992 erratur3
916 951 954 982 et
991 950 1137 981 certum
1175 948 1232 980 est
1270 942 1375 992 quod
1413 953 1493 978 non
1534 941 1615 977 sine

281 1024 444 1068 peccato
482 1017 734 1055 contrariatur
771 1016 911 1054 iudicio
950 1015 1109 1053 ecclesie
1154 1013 1438 1063 triumphantis.
1515 1011 1613 1049 Item
1627 1021 1749 1047 Greatis
1762 1021 1834 1047 their
1852 1021 1895 1047 sin

1626 1055 1689 1081 who
1700 1056 1779 1081 leave
1787 1056 1834 1081 the
1843 1056 1897 1081 law

280 1102 362 1127 non
399 1088 643 1126 mediocriter
678 1094 843 1138 peccant
886 1087 951 1136 qui
990 1086 1147 1123 dimissa
1186 1085 1249 1122 via
1288 1085 1384 1134 legis
1427 1083 1500 1129 dei,
1540 1095 1613 1132 que
1626 1089 1884 1149 ξὲἓῖἒειίζέιέιὲἰῗέτε

280 1173 361 1198 non
392 1166 519 1209 potest
552 1159 691 1205 fallere,
722 1171 794 1208 pro
832 1159 939 1196 lucro
977 1157 1180 1207 temporali
1218 1156 1432 1193 innituntur
1465 1154 1611 1192 fallacie
1625 1161 1730 1182 reston
1749 1157 1796 1182 the
1816 1156 1895 1182 falla-

1624 1199 1680 1215 eles
1693 1190 1725 1216 of
1734 1191 1839 1216 human

280 1232 412 1281 legum
448 1231 662 1269 hominum.
730 1231 779 1267 Et
817 1231 871 1268 sic
910 1236 968 1267 est
1006 1229 1054 1266 de
1092 1227 1481 1266 excomunicantibus
1521 1225 1611 1263 sim·
1625 1224 1720 1283 {ms-w
1723 1224 1888 1283 itfflfiotslguss

229 1315 267 1346 15
279 1305 400 1354 plices
451 1311 608 1353 propter
660 1309 850 1352 questum.
926 1302 1047 1351 Igitur
1101 1299 1346 1337 innitendum
1365 1298 1378 1319 3
1426 1304 1482 1336 est
1538 1297 1612 1346 legi
1624 1291 1688 1350 ἓξὲξ
1701 1290 1896 1357 ἴξιζῡξίᾞῃᾞίξῑ·

281 1376 466 1425 scripture
512 1375 552 1412 in
599 1374 671 1412 hac
718 1380 836 1423 parte,
876 1373 1043 1410 dimissis
1080 1371 1354 1409 tradicionibus
1392 1359 1667 1406 infundabi-for
1683 1358 1761 1391 gain·

64 1454 111 1483 36
130 1454 165 1483 d.
280 1447 379 1484 libus
420 1445 439 1466 '¹‘
478 1446 701 1483 humanitus
748 1445 972 1482 adinventis.
1049 1443 1179 1481 Maior
1227 1447 1332 1492 patet
1370 1454 1418 1479 ex
1460 1441 1616 1478 decreto

63 1523 107 1555 Is.
123 1523 143 1554 i.
164 1532 213 1554 22.
281 1518 466 1556 Ieronimi
503 1524 541 1555 et
579 1517 827 1555 confirmatur
865 1529 913 1553 ex
951 1515 1052 1552 dicto
1092 1514 1249 1563 spiritus
1284 1513 1405 1551 sancti
1442 1511 1533 1549 Yes.
1578 1511 1618 1548 1⁰

279 1589 489 1639 Argentum
517 1593 619 1626 tuum
649 1601 793 1625 versum
822 1592 876 1624 est
901 1589 941 1624 in
969 1588 1139 1632 scoriam,
1161 1587 1289 1622 vinum
1319 1589 1422 1621 tuum
1452 1585 1617 1621 mixtum

229 1677 269 1699 20
280 1665 333 1697 est
369 1673 480 1709 aqua,
506 1661 695 1709 prz'nczpes
723 1660 782 1696 luz'
805 1659 969 1708 infideles
997 1658 1093 1694 socii
1103 1658 1277 1706 surum:
1310 1667 1384 1705 que
1419 1655 1489 1692 tria
1520 1654 1617 1691 veri-

282 1732 446 1769 ficantur
485 1731 600 1769 hodie
638 1731 685 1768 de
724 1729 1129 1776 excomunicatoribus
1163 1734 1200 1765 et
1234 1727 1314 1765 suis
1348 1726 1617 1775 complicibus.

282 1803 332 1840 Et
361 1809 465 1853 patet
502 1803 629 1840 minor
663 1816 710 1840 ex
743 1802 817 1840 hoc
853 1801 958 1851 quod
995 1801 1230 1850 quicumque
1269 1798 1619 1836 excomunicaverit

282 1875 498 1924 simplicem
539 1881 694 1924 propter
731 1873 949 1923 pecuniam,
989 1871 1048 1909 vel
1096 1870 1424 1921 preponderanter
1461 1875 1620 1919 propter

283 1952 463 1995 questum
490 1945 690 1995 proprium
719 1951 784 1981 aut
812 1944 1004 1981 honorem
1032 1942 1258 1989 humanum,
1287 1947 1328 1978 ut
1356 1940 1409 1978 sic
1438 1952 1620 1978 excomu-

233 2030 271 2062 25
286 2017 386 2055 nicat
413 2029 453 2054 se
482 2017 621 2066 ipsum,
653 2016 741 2053 licet
773 2027 860 2052 reus
893 2014 1211 2052 excomunicetur
1241 2025 1263 2050 a
1294 2013 1380 2050 deo.
1439 2011 1515 2048 Sed
1544 2011 1619 2048 hoc

283 2089 399 2126 hodie
433 2088 621 2137 contingit
655 2087 807 2136 sepius;
849 2086 938 2124 ideo
970 2086 1077 2135 ipsos
1105 2085 1146 2121 in
1174 2084 1250 2122 hoc
1279 2083 1532 2128 auctorisans,
1562 2081 1621 2118 vel

284 2160 653 2210 quomodocumque
694 2158 734 2195 in
765 2158 839 2195 isto
877 2157 1093 2202 consciens,
1131 2169 1171 2194 se
1204 2156 1332 2205 ipsum
1361 2153 1621 2203 dampnificat,

283 2231 498 2281 prepositos
542 2236 580 2268 et
626 2230 832 2268 subiectos.
909 2228 997 2266 Sic4
1034 2228 1139 2265 enim
1175 2232 1383 2265 verteretur
1421 2231 1623 2274 argentum

284 2302 510 2352 eloquencie
557 2301 719 2351 pastoris
767 2312 845 2350 quo
891 2299 941 2337 ad
988 2298 1300 2348 predicacionem
1348 2296 1546 2345 ewangelii
1583 2295 1623 2332 in

233 2391 275 2423 30
287 2373 451 2411 scoriam
479 2371 621 2410 causa⁵
640 2371 813 2421 pecunie,
834 2376 871 2408 et
896 2370 1029 2406 vinum
1058 2369 1243 2418 scripture
1270 2367 1487 2404 letificantis
1507 2365 1625 2404 corda

287 2444 458 2482 fidelium
496 2443 536 2480 in
574 2454 719 2492 aquam
760 2441 1017 2479 humanarum
1055 2439 1326 2485 tradicionum,
1358 2444 1395 2475 et
1427 2450 1496 2486 per
1530 2448 1624 2475 con-

287 2528 453 2566 sequens
490 2521 662 2564 pastores
700 2514 740 2551 in
777 2513 891 2558 fures,
925 2519 968 2549 ut
1006 2511 1175 2561 loquitur
1208 2509 1299 2548 Yes.
1355 2509 1455 2546 Dico
1494 2515 1624 2545 autem

290 2587 472 2624 ‘dimissa
517 2586 577 2622 via
623 2585 719 2634 legis
759 2582 929 2622 domini’
969 2583 1070 2632 quia,
1110 2582 1141 2619 si
1179 2593 1260 2618 non
1298 2579 1419 2627 fallor,
1461 2579 1501 2616 in
1538 2585 1621 2616 toto
1635 2593 1906 2626 Inallscripturewe

286 2670 447 2708 corpore
485 2658 671 2706 scripture
716 2668 796 2694 non
840 2654 1006 2691 inveniet
1050 2653 1170 2691 homo
1208 2650 1620 2689 excomunicacionem
1633 2628 1907 2688 ξῗέηῗὲἷῗᾍῖὸω-

328 2744 340 2762 ¹
363 2755 543 2786 numquam
564 2748 629 2785 pro
655 2752 914 2783 nonnumquam,
940 2749 974 2771 A.
1145 2739 1157 2757 2
1180 2743 1267 2770 cont.
1292 2749 1379 2779 sepe,
1405 2737 1474 2769 ord.
1493 2737 1562 2768 inv.
1589 2745 1620 2767 Β.

286 2797 298 2814 ³
322 2796 567 2835 intendendum,
585 2804 618 2827 A.
696 2794 708 2812 4
731 2794 829 2826 Dicet
845 2797 909 2834 pro
926 2793 989 2831 Sic,
1008 2801 1042 2824 A.
1118 2792 1129 2809 ⁵
1154 2802 1234 2823 corr.
1251 2790 1319 2823 edd.
1331 2796 1396 2832 pro
1413 2800 1519 2829 cause,
1537 2797 1572 2827 A,
1592 2797 1621 2819 Β.
