2051 3299
178 249 232 303 98

178 428 329 453 Moreover
341 427 410 459 they

178 470 335 493 encourage
349 461 392 486 his

176 495 311 520 almsmen
325 500 353 520 to
367 494 435 520 such

175 537 193 553 a
211 528 335 560 phrenzy
347 528 379 553 of

176 560 417 622 ἷὲἕὲἷῖῗὲἓάῗῂίῗά

176 628 245 660 they
258 614 380 654 contend

175 662 238 687 that
251 662 318 693 only
332 661 380 687 the

175 704 248 727 pope
261 704 292 720 or
300 695 348 720 the

175 728 336 761 presbyters
349 737 400 754 can

176 762 272 787 confer
285 768 391 794 tempo—

176 795 291 826 ralities,
306 804 337 821 as
351 796 418 822 does

176 829 224 854 the
237 829 333 855 Abbot
346 829 378 855 of

177 862 324 895 Chertsey.

176 1584 252 1612 Such
266 1593 283 1610 a
295 1588 408 1611 conten-

175 1619 237 1650 tiori
248 1619 343 1644 would
356 1618 432 1644 hand

175 1653 223 1679 the
237 1652 328 1678 whole

174 1691 294 1718 country
307 1694 374 1711 over
387 1690 415 1713 to

175 1720 222 1747 the
235 1719 346 1752 priests.

176 2010 229 2036 Let
242 2009 290 2035 the
304 2009 399 2035 Abbot

174 2044 227 2069 ask
242 2043 269 2070 S.
286 2043 411 2068 Bernard

174 2077 303 2103 whether
316 2077 364 2102 the

174 2111 278 2143 clergy,
289 2111 344 2136 and
354 2109 444 2136 above

175 2145 223 2175 all,
237 2144 364 2169 whether

175 2178 283 2208 monks,
299 2186 351 2204 can
365 2177 432 2205 hold

174 2211 231 2237 this
244 2216 306 2236 vast
319 2211 427 2236 secular

173 2244 308 2277 lordship.

175 2345 201 2370 A
211 2344 287 2370 third
301 2343 442 2376 objection

173 2378 196 2404 is
210 2378 304 2408 taken,
322 2379 383 2403 that

175 2421 211 2438 on
225 2421 275 2438 our
285 2411 413 2444 showing

174 2446 223 2471 the
237 2446 327 2471 whole
341 2445 421 2477 king-

175 2480 241 2505 dom
256 2479 347 2504 would
361 2488 421 2505 owe

174 2522 205 2538 as
218 2518 297 2545 great
312 2513 377 2538 obe-

175 2546 274 2572 dience
287 2551 315 2572 to
328 2545 364 2571 its

178 2580 256 2618 King
269 2589 299 2605 as
313 2589 329 2605 a
343 2580 429 2606 monk

176 2618 205 2639 to
219 2613 262 2639 his
275 2612 403 2645 spiritual

176 2646 319 2679 superior:
338 2648 393 2673 and

176 2680 238 2705 that
251 2680 307 2705 this
321 2680 344 2706 is

176 2713 287 2746 against
302 2714 349 2739 the
364 2723 403 2739 re-

177 2746 263 2779 ligion
277 2748 309 2773 of
319 2747 424 2774 Christ.

872 257 937 288 DE
969 257 1167 290 OFFICIO
1200 256 1355 289 REGIS.

455 374 575 411 regno
592 361 704 399 Cristi
724 360 866 411 religio,
883 361 1208 411 depauperaretur
1224 374 1388 411 regnum
1408 361 1447 399 in
1463 361 1785 411 multiplicacione

456 433 678 470 diviciarum
698 439 735 469 et
756 432 902 482 populo
923 432 1126 479 diminuto,
1147 439 1194 480 et,
1213 433 1317 482 quod
1337 433 1422 482 plus
1443 438 1510 478 est,
1527 432 1785 471 elemosinarii

455 505 606 553 ingrate
640 504 881 552 insurgerent
916 503 955 540 in
985 515 1117 552 regem
1146 509 1183 540 et
1213 516 1376 552 regnum
1415 503 1656 541 destruerent
1694 515 1782 552 pro-

454 575 600 619 ditorie,
622 581 722 611 recte
743 573 969 611 obediencie
994 573 1114 611 fracto
1144 574 1264 612 freno.
1323 574 1384 611 Sic
1407 574 1513 624 quod
1533 573 1627 610 illud
1647 573 1785 623 psalmi

455 645 739 694 quadragesimi
758 650 890 693 posset
911 644 992 693 regi
1022 644 1267 693 contingere:
1303 644 1381 692 Qui
1404 645 1528 682 edebat
1545 651 1665 693 panes
1694 657 1787 681 meos
1800 650 1853 684 PS.
1868 650 1912 681 xl.
1931 659 1980 681 10.

455 717 717 767 magnificavit
742 722 852 764 super
875 728 929 752 me
956 716 1304 765 supplanlacz'onem.
1362 715 1466 753 Nam
1490 715 1648 765 quidam
1667 715 1787 752 abbas

455 787 502 824 de
525 786 717 833 Cartesii¹,
735 787 833 823 inter
853 786 926 823 alia
943 783 1181 835 sanguinea2
1201 792 1428 836 argumenta
1444 799 1520 836 que
1535 785 1787 835 multiplicat³

457 864 591 896 contra
629 857 868 895 sentenciam
907 869 1025 906 quam
1064 857 1154 905 dixi,
1195 857 1234 895 in
1273 858 1345 895 ista
1388 857 1550 895 materia
1588 857 1711 906 arguit
1748 857 1789 895 in

457 928 630 966 secundo
663 933 893 977 argumento
928 939 998 965 suo
1034 927 1139 977 quod
1172 928 1277 966 solus
1311 940 1486 966 summus
1522 927 1696 978 pontifex
1729 927 1788 965 vel

457 1000 593 1037 saltem
630 999 843 1048 presbyteri
891 1005 979 1035 sunt
1019 999 1164 1037 domini
1211 999 1483 1048 temporalium
1520 999 1580 1036 vel
1627 1005 1788 1048 possunt
1805 1010 1846 1035 10

456 1071 630 1110 conferre
678 1070 916 1119 temporalia,
957 1083 1004 1108 eo
1054 1070 1159 1120 quod
1209 1070 1260 1108 illi
1299 1070 1370 1108 soli
1408 1076 1571 1120 possunt
1613 1069 1788 1108 conferre

455 1143 638 1192 graciam,
661 1147 704 1179 ut
721 1146 836 1191 patet,
858 1142 992 1191 inquit,
1013 1155 1064 1179 ex
1081 1142 1173 1192 fide.
1231 1141 1316 1179 Nec
1346 1142 1459 1179 debet
1488 1141 1655 1191 supponi
1684 1141 1790 1190 quod

455 1221 535 1252 tam
555 1214 743 1252 discretus
763 1214 908 1259 Abbas‚
937 1225 1128 1267 suspenso
1152 1213 1362 1262 plangendi
1391 1219 1427 1250 et
1457 1212 1595 1250 orandi
1624 1212 1750 1250 officio
1764 1211 1790 1257 ⁴,

454 1299 502 1323 ex
532 1291 638 1322 tanta
670 1285 952 1322 deliberacione
991 1285 1157 1322 mitteret
1188 1284 1301 1322 istam
1332 1284 1530 1321 racionem
1565 1282 1790 1320 solvendam

455 1356 621 1402 Oxonie‚
649 1354 667 1375 ‘³‘
709 1356 782 1393 nisi
830 1355 1004 1393 crederet
1051 1355 1178 1404 ipsam
1217 1356 1257 1392 in
1295 1354 1457 1392 materia
1496 1367 1577 1392 non
1615 1363 2008 1403 peccare.1÷·'01.131b.

455 1427 593 1465 Posset
623 1427 727 1465 enim
760 1427 888 1464 minus
923 1426 1133 1476 irreligiose
1164 1433 1380 1475 temperare
1415 1437 1508 1464 suos
1545 1425 1719 1463 novicios
1751 1425 1790 1462 in

454 1498 611 1547 argucia
631 1510 749 1548 quam
770 1498 942 1536 crederet
963 1498 1124 1538 deficere
1144 1497 1184 1534 in
1205 1498 1365 1535 materia
1384 1497 1443 1533 vel
1467 1497 1507 1533 in
1526 1496 1651 1537 for-ma
1671 1508 1790 1545 quam

453 1576 533 1607 tam
554 1570 737 1607 distanter
756 1569 1041 1619 preconisando
1057 1581 1168 1606 suam
1185 1568 1399 1606 stulticiam.
1449 1566 1525 1604 Sed
1543 1567 1789 1617 magnificata
1804 1573 1848 1604 G.

454 1640 524 1677 ista
554 1640 756 1678 clemencia
786 1640 1122 1689 supplantarentur
1150 1651 1261 1688 reges
1282 1645 1318 1676 et
1340 1639 1487 1676 domini
1515 1639 1747 1687 temporales
1768 1651 1791 1676 a

454 1723 525 1748 suo
542 1711 715 1749 dominio
728 1711 752 1758 ⁵,
772 1723 862 1748 curn
883 1710 1007 1748 solum
1028 1709 1247 1748 sacerdotes
1268 1709 1394 1747 forent
1414 1709 1561 1747 domini
1582 1721 1791 1758 regnorum
1807 1729 1848 1753 20

454 1787 491 1819 et
523 1781 715 1819 seculares
750 1780 898 1818 domini
932 1780 1057 1819 forent
1088 1780 1191 1817 nude
1230 1791 1366 1817 eorum
1399 1778 1532 1816 famuli
1560 1779 1620 1816 vel
1648 1778 1791 1816 vasalli.

456 1851 548 1890 Non
585 1851 603 1871 '¹‘
638 1853 692 1890 sic
727 1852 840 1890 sentit
875 1858 1009 1889 auctor
1038 1851 1234 1901 scripture,
1264 1863 1355 1888 cum
1390 1850 1429 1887 1a
1464 1849 1678 1900 Thymoth.
1710 1850 1851 1887 60.⁶22
1868 1858 1899 1881 a·

1752 1921 1758 1928 ,
1807 1902 1821 1924 1
1835 1892 1967 1924 Tim.vi.
1983 1901 2010 1925 1.

454 1923 668 1972 Apostolus
704 1923 874 1973 precepit
905 1936 1036 1961 servos
1068 1923 1278 1961 Cristianos
1310 1921 1465 1961 obedire
1495 1921 1663 1959 dominis
1704 1933 1793 1967 suis,

455 1994 578 2035 eciam
612 1994 840 2041 infidelibus,
870 2007 919 2032 ne
957 2006 1103 2032 nomen
1146 1994 1295 2032 domini
1334 1993 1594 2031 blasfemetur.
1650 1992 1793 2030 Videat

455 2066 576 2102 abbas
590 2067 747 2103 beatum
760 2065 1029 2103 Bernhardum
1044 2064 1285 2103 monachum
1301 2068 1309 2084 ‘
1320 2064 1381 2102 Ad
1398 2076 1538 2114 papam
1553 2063 1790 2113 Eugenium'
1804 2060 2007 2136 ‹Sblgessnoffl’

456 2137 486 2174 si
517 2137 628 2174 liceat
659 2136 809 2183 clerico,
841 2142 878 2174 et
907 2136 1120 2186 specialiter
1150 2135 1358 2181 monacho,
1380 2135 1580 2184 adquirere
1610 2135 1681 2172 sibi
1711 2140 1791 2171 tam
1805 2148 1995 2180 deratione.’

455 2207 629 2257 amplum
650 2207 820 2244 seculare
846 2206 1061 2244 dominium
1091 2219 1160 2256 per
1187 2206 1262 2243 hoc
1291 2205 1523 2247 blasfemum
1544 2205 1792 2243 mendacium

455 2278 561 2328 quod
582 2278 686 2316 solus
707 2278 887 2315 sacerdos
907 2277 1024 2315 habet
1043 2283 1273 2328 potestatem
1293 2277 1464 2327 graciam
1484 2276 1717 2314 conferendi.

510 2348 649 2386 Tercio
683 2348 941 2398 principaliter
974 2355 1108 2386 contra
1143 2348 1243 2386 dicta
1281 2348 1451 2397 arguitur
1482 2360 1550 2396 per
1578 2347 1653 2385 hoc
1685 2346 1791 2396 quod

455 2420 602 2458 videtur
632 2425 757 2457 totum
787 2431 951 2468 regnum
983 2426 1132 2457 tantam
1162 2419 1429 2459 obedienciam
1459 2431 1531 2459 suo
1557 2419 1638 2468 regi
1667 2431 1790 2468 quan·
1804 2430 1846 2465 30

455 2497 534 2528 tam
583 2490 798 2530 monachus
839 2490 898 2528 vel
939 2491 1035 2528 alius
1086 2490 1245 2528 clericus
1291 2496 1441 2528 tenetur
1488 2503 1559 2528 suo
1607 2491 1792 2540 spirituali

456 2561 662 2610 preposito,
696 2567 736 2598 ut
767 2561 953 2611 episcopo
983 2561 1042 2599 vel
1076 2561 1220 2607 abbati,
1251 2561 1357 2610 quod
1383 2561 1532 2598 videtur
1563 2561 1790 2611 impugnare

457 2634 684 2683 religionem
717 2633 846 2671 Cristi.
906 2633 984 2671 Hic
1020 2639 1174 2683 oportet
1203 2633 1330 2682 primo
1360 2645 1581 2683 supponere
1611 2632 1712 2670 dicta
1741 2632 1789 2670 de

456 2704 683 2742 obediencia
708 2711 745 2742 et
765 2704 950 2753 religione
980 2704 1139 2753 privata.
1199 2704 1378 2742 Secundo
1408 2709 1561 2753 oportet
1592 2704 1786 2741 racionem

500 2807 508 2824 ¹
532 2808 573 2839 de
600 2807 827 2846 Cartusiensis,
860 2808 893 2839 T
888 2813 962 2847 ext;
994 2808 1172 2849 Carthesey
1196 2808 1234 2838 z'n
1258 2818 1362 2848 marg.
1388 2815 1419 2838 B.
1554 2806 1566 2823 ²
1588 2807 1730 2848 saginea,
1754 2815 1790 2838 A.

456 2860 467 2876 ³
492 2860 725 2901 multiplicavit
756 2868 785 2891 B.
876 2859 887 2877 ‘¹
912 2860 1079 2899 beneficio,
1098 2868 1127 2893 B.
1218 2861 1229 2878 ⁵
1252 2859 1397 2896 domino,
1416 2868 1450 2891 A.
1539 2860 1551 2877 ⁶
1574 2870 1592 2890 v
1609 2864 1673 2901 pro
1690 2859 1736 2898 6⁰,
1754 2868 1787 2894 Α.
