2051 3299
179 209 264 260 184

891 213 956 245 DE
988 211 1181 245 OFFICIO
1215 210 1368 242 REGIS.

460 319 663 372 quomodo
704 320 773 357 iste
815 325 974 357 sanctus
1018 318 1129 355 dicit:
1178 316 1229 354 Sz‘
1266 317 1466 364 imperator
1503 328 1526 351 a
1564 327 1618 351 me
1658 317 1792 363 peteret

443 394 618 444 fundum
649 403 777 436 meum,
809 394 1004 438 argentum
1033 401 1147 425 meum
1181 393 1216 424 el
1241 387 1455 424 huiusmodi
1481 399 1607 432 meum,
1638 399 1710 422 non
1741 398 1793 422 me

460 464 757 514 refragaturum,
779 472 1002 510 quamquam
1022 461 1145 496 omnia
1166 472 1243 495 mea
1263 459 1341 495 sint
1348 465 1567 506 pauperum.
1609 456 1795 502 Quamvis

461 541 590 572 autem
630 532 762 570 omnia
800 532 872 569 ista
909 530 1137 579 temporalia
1177 529 1252 566 sint
1289 529 1542 578 imperatoris,
1576 533 1618 564 ut
1656 527 1795 576 allegat

462 606 582 655 glosa.
610 617 658 642 ex
680 603 742 640 viii
773 603 822 640 di.
844 601 1017 651 capitulo
1051 599 1154 646 Qu0¹
1174 601 1265 646 iure,
1287 612 1369 637 non
1396 606 1527 636 tamen
1556 598 1606 636 ad
1635 599 1794 635 abuten-
1809 601 1938 632 Decret.
1993 642 1998 647 Ι

463 676 556 713 dum
593 674 653 712 vel
690 673 866 723 religioni
906 672 1020 710 Cristi
1067 670 1396 721 preiudicandum‚
1434 669 1523 707 ideo
1570 670 1676 707 bona
1721 680 1796 718 que
1809 650 2012 675 D'Vm'c'¹'

463 746 642 797 privatim
679 745 795 782 habet
841 744 890 781 ad
927 755 1041 780 usum
1079 749 1116 780 et
1153 741 1410 779 ministerium
1457 746 1583 790 potest
1629 739 1796 789 legitime

464 817 683 868 permittere
722 816 906 853 Cesarem
948 813 1121 859 aufferre,
1162 813 1285 850 eciam
1323 812 1474 857 iniuste,
1509 811 1591 849 sine
1630 809 1798 848 sensibili

466 887 687 927 resistencia
717 886 776 924 vel
809 897 1014 924 consensu
1070 884 1183 921 Talia
1212 884 1317 921 enim
1350 883 1437 920 licet
1471 882 1541 919 sibi
1570 882 1731 919 aufferre
1760 881 1799 918 in

466 971 559 998 casu
580 959 627 997 de
649 957 811 996 ecclesia
830 969 902 1006 pro
923 955 1146 993 defensione
1167 954 1327 1003 imperii,
1344 953 1412 992 sed
1432 953 1556 991 facere
1575 958 1733 990 stratam
1754 951 1799 989 de
1818 962 1856 983 10

464 1029 625 1069 comuni
661 1028 818 1065 basilica
856 1027 938 1064 sine
976 1032 1137 1076 urgente
1176 1024 1401 1063 necessitate
1439 1024 1493 1061 rei
1530 1023 1681 1073 publice
1719 1034 1801 1060 non

467 1102 598 1139 subest
618 1099 769 1137 Cesaris
790 1097 981 1148 potestati,
1003 1109 1093 1134 cum
1113 1096 1235 1134 cultus
1255 1095 1404 1133 divinus
1425 1107 1505 1132 non
1527 1094 1573 1132 sit
1588 1093 1801 1132 vendibilis.

468 1173 520 1210 Et
557 1172 597 1209 in
628 1170 704 1208 hoc
738 1169 852 1207 docet
882 1168 1050 1218 preferre
1090 1169 1238 1205 bonum
1272 1166 1471 1216 publicum
1505 1167 1611 1203 bono
1642 1164 1802 1215 privato.

471 1242 588 1280 Unde
608 1253 695 1279 vere
715 1240 806 1278 dicit
825 1240 931 1290 quod
952 1239 983 1276 si
1002 1238 1277 1289 patrimonium
1298 1238 1393 1287 petit
1412 1237 1471 1275 vel
1501 1236 1665 1274 fundum
1691 1248 1804 1273 suurn

473 1313 530 1351 vel
559 1323 711 1362 corpus,
744 1323 834 1348 curn
861 1310 935 1348 sint
967 1310 1015 1348 de
1048 1310 1293 1359 possessione
1328 1309 1498 1346 humana
1527 1308 1615 1346 lieet
1643 1307 1684 1344 in
1713 1319 1806 1345 casu
1819 1319 1859 1351 15

473 1383 663 1429 invadere⁷
686 1388 722 1419 et
743 1381 959 1431 specialiter
980 1380 1120 1418 clerico
1140 1379 1429 1430 possessionato
1445 1392 1467 1416 a
1486 1379 1658 1428 principe
1674 1385 1711 1416 et
1726 1378 1807 1416 eius
1820 1356 1974 1430 ἓξὲζξῖῐ,

474 1455 624 1505 legibus
664 1452 884 1490 rebellante.
959 1450 1075 1498 Nam,
1124 1458 1166 1488 ut
1212 1457 1318 1500 patet
1365 1450 1594 1500 precedente
1641 1449 1809 1499 capitulo
1823 1442 1864 1482 Q·
1880 1439 1948 1471 viii.
1965 1450 1993 1471 c.

476 1526 527 1564 Si
543 1527 583 1562 in
604 1529 717 1562 morte
728 1524 752 1569 ²,
770 1523 942 1573 episcopi
963 1523 1027 1572 qui
1048 1535 1128 1560 non
1148 1528 1419 1560 contentantur
1439 1521 1624 1571 porcione
1650 1520 1808 1566 levitica,
1825 1494 1876 1560 ξ..

478 1597 546 1636 sed
563 1596 609 1634 de
623 1595 763 1634 Cesare
779 1595 922 1632 habent
937 1594 1082 1644 predia,
1101 1593 1243 1631 debent
1260 1593 1332 1630 sibi
1347 1593 1488 1630 tributa
1505 1599 1542 1631 et
1558 1592 1575 1612 *
1592 1592 1810 1631 subiacent³
1824 1600 1906 1631 Fol.
1919 1600 1986 1630 155
1994 1599 2029 1628 b.

477 1668 636 1705 terrenis
669 1666 945 1704 exaccionibus
982 1665 1053 1702 nisi
1089 1664 1185 1702 forte
1219 1664 1273 1702 eis
1312 1664 1359 1701 de
1393 1664 1630 1714 benignitate
1660 1663 1812 1701 Cesaris
1828 1681 1867 1703 20

480 1746 526 1777 slt
563 1738 765 1775 indultum.
836 1736 1064 1775 Notandum
1103 1742 1235 1773 tamen
1268 1735 1375 1785 quod
1414 1735 1461 1773 de
1500 1736 1608 1774 omni
1639 1735 1813 1772 subiecto

480 1811 652 1848 humano
682 1808 857 1847 dominio
889 1808 983 1845 deus
1012 1807 1126 1845 habet
1145 1807 1343 1857 proprium
1364 1813 1400 1844 et
1419 1806 1580 1856 capitale
1601 1806 1816 1844 dominium

481 1889 519 1920 et
537 1880 791 1918 ministerium
807 1878 824 1898 *
844 1879 917 1917 sibi
937 1878 1257 1928 correspondens.
1297 1877 1458 1915 Videtur
1477 1877 1691 1915 dominium
1711 1876 1817 1926 quod
1829 1884 1875 1914 39
1893 1884 1929 1913 b.

483 1965 563 1990 non
594 1952 680 1989 licet
712 1956 884 1988 creature
918 1949 1059 1996 tollere,
1093 1948 1161 1986 sed
1198 1961 1271 1999 pro
1301 1949 1415 1986 huius
1447 1948 1670 1986 defensione
1705 1947 1817 1985 debet

484 2023 629 2061 nedum
659 2021 835 2059 sacerdos
866 2021 935 2058 sed
966 2022 1093 2059 omnis
1121 2021 1323 2059 cristianus
1350 2020 1464 2058 morti
1492 2032 1531 2057 se
1560 2031 1756 2069 exponere
1786 2018 1817 2055 si
1833 2035 1871 2066 25

486 2098 648 2143 oportet.
704 2092 800 2130 Ideo
830 2092 921 2130 dicit
950 2092 1147 2130 decretum
1166 2091 1363 2129 Ambrosii
1390 2091 1619 2140 allegatum:
1649 2089 1819 2139 Impera-
1832 2098 1964 2129 Decret.

487 2166 565 2202 lori
596 2165 702 2201 licere
740 2164 863 2200 omnia
901 2164 1020 2212 zpsz'us
1066 2176 1138 2200 esse
1183 2164 1369 2201 universa.
1444 2161 1682 2211 Respondeo:
1726 2146 2007 2225 Nolzgfz'ffilfilg·

483 2248 654 2285 gravare
686 2239 728 2280 le,
760 2233 980 2283 Imperator,
1020 2238 1063 2271 ul
1089 2239 1196 2283 pules
1229 2238 1261 2270 le
1293 2235 1331 2270 z'n
1366 2233 1440 2271 hz'z's
1469 2246 1536 2281 que
1573 2233 1703 2269 divina
1739 2235 1827 2268 sunt
1838 2237 1889 2260 21·

211 2314 480 2382 {bffffiffiaffl‘ioe
493 2307 679 2356 imperiale
698 2306 845 2354 aliquid
861 2307 919 2342 ius
937 2305 1077 2343 habere.
1136 2305 1228 2343 Non
1259 2305 1361 2342 enim
1391 2303 1553 2342 intendit
1580 2304 1649 2341 iste
1670 2308 1823 2340 sanctus

211 2385 301 2419 goods
313 2384 345 2410 of
354 2383 403 2409 the
415 2415 421 2421 ·

213 2418 319 2446 church
329 2426 401 2442 were
414 2425 443 2442 m

495 2389 637 2428 negare
667 2377 760 2426 quin
792 2377 897 2414 bona
926 2376 1085 2414 ecclesie
1112 2376 1312 2414 subiacent
1339 2375 1442 2424 regie
1467 2374 1653 2424 potestati,
1677 2373 1744 2411 sed
1773 2373 1821 2411 ad
1836 2385 1878 2416 30

211 2454 259 2479 the
271 2451 483 2488 Kissg'SPOvverr
498 2448 786 2487 rectificandum
806 2460 939 2485 eorum
959 2459 1071 2485 usum
1093 2459 1173 2485 non
1194 2447 1243 2485 ad
1263 2446 1581 2491 deteriorandum,
1599 2445 1699 2483 sicut
1717 2445 1827 2494 ponit

213 2487 264 2512 but
277 2485 313 2511 he
331 2493 418 2510 main-

215 2519 313 2545 tained
327 2518 388 2543 that
401 2518 464 2542 that

217 2561 312 2586 power
324 2556 398 2577 must
410 2551 445 2576 be

217 2585 332 2612 exerted
350 2585 392 2610 sor
411 2584 485 2616 good
500 2592 509 2629 i

217 2621 275 2647 and
290 2624 339 2646 not
352 2619 394 2645 for
405 2617 468 2644 evil.

500 2519 723 2568 exemplum
755 2518 802 2556 de
821 2519 932 2556 vinea
951 2518 1110 2557 Naboth
1139 2531 1256 2569 quam
1286 2530 1366 2556 non
1397 2517 1498 2555 licuit
1518 2516 1599 2566 regi
1625 2515 1827 2553 transferre

512 2604 538 2628 n
558 2597 687 2628 ortum
708 2589 867 2637 olerum,
889 2596 932 2627 ut
952 2602 1067 2640 supra
1086 2591 1261 2639 exposui.
1307 2590 1356 2627 Et
1377 2589 1430 2627 sic
1452 2588 1542 2626 dicit
1561 2587 1656 2624 iste4
1672 2592 1827 2624 sanctus

501 2662 605 2713 quod
626 2661 757 2699 omnia
777 2673 847 2698 sua
866 2661 1094 2711 temporalia
1113 2661 1200 2699 licet
1221 2660 1447 2711 Imperatori
1467 2660 1639 2710 accipere
1661 2658 1729 2696 sed
1747 2669 1828 2695 non

545 2748 555 2766 ¹
580 2759 666 2780 nono
690 2751 754 2789 pro
777 2748 851 2789 Quo
874 2748 951 2787 iure,
978 2756 1009 2781 B.
1134 2747 1146 2765 ²
1170 2748 1324 2787 Mortem,
1350 2757 1382 2785 A,
1408 2756 1437 2778 B.
1564 2746 1575 2764 ³
1599 2744 1768 2784 subicient,
1794 2752 1828 2776 Α.

502 2803 512 2820 ⁴
538 2802 609 2840 iste,
624 2812 685 2833 om.
702 2810 736 2835 Α.
