2051 3299
680 227 746 259 DE
778 225 972 259 OFFICro
1007 223 1162 256 REGIS.
1786 211 1866 262 267

255 330 483 384 quomodo1
503 332 542 369 in
566 343 853 381 quamcumque
881 330 1042 368 domurn
1069 329 1254 366 intrantes
1281 327 1523 365 hortarentur
1552 331 1589 364 et

254 405 554 453 imprecarentur
574 402 699 452 primo
719 413 856 451 pacem
873 400 1031 438 domini.
1088 399 1139 436 In
1167 411 1427 448 quamcunque,
1450 397 1588 447 inquit,

36 473 85 503 54
103 481 133 504 0·
254 475 398 511 domum
420 473 651 510 intraveritis
675 473 845 521 primum
866 472 973 508 dicite
992 473 1001 489 ‘
1016 471 1116 508 Pax
1150 470 1235 507 huic
1260 467 1278 488 '¹‘
1302 467 1445 506 domm?
1503 467 1586 505 Nec
1602 471 1871 538 altgssgsse'nnlassxssauy.

253 545 413 582 dubium
447 543 548 581 fideli
582 543 676 592 quin
701 548 808 579 tanta
837 542 883 579 sit
906 541 1011 590 pacis
1039 540 1215 578 bonitas2
1242 539 1348 589 quod
1374 539 1589 576 secundum

36 616 229 665 Augustine,
254 614 513 664 Augustinum
552 612 646 663 (xix.
680 613 727 650 de
766 612 916 650 civitate
955 610 1058 661 Dei),
1091 617 1171 648 tam
1210 611 1303 647 boni
1342 622 1459 660 quarn
1498 610 1590 646 mali

36 659 179 733 ἓθχὲν
253 685 471 722 naturaliter
494 685 618 734 ipsam
638 689 781 721 amant.
829 683 890 719 Ex
911 682 1000 719 hinc
1017 681 1122 719 enim
1138 681 1268 719 dicunt
1281 682 1403 718 eciam
1418 679 1590 729 tyrranni

37 747 80 777 G.
254 755 414 793 finaliter
443 766 483 792 se
513 754 665 791 bellare.
722 753 865 790 Pacem
893 753 1018 790 eciam
1039 759 1154 801 atque
1189 751 1436 789 concordiam
1458 756 1590 788 amant

251 826 443 875 predones
490 836 579 862 cum
626 836 695 873 per
743 823 974 861 discordiam
1022 823 1200 860 comitiva
1249 834 1317 859 sua
1363 822 1589 859 dissolvitur.

253 896 395 933 Pacem
432 895 556 933 eciam
595 900 725 931 amant
754 895 874 931 bruta.
930 894 1080 931 Habito
1110 893 1217 943 quod
1246 905 1382 930 omnes
1411 892 1589 930 homines

200 980 241 1003 10
253 972 438 1016 appetunt
469 965 689 1003 naturaliter
729 965 852 1014 ipsam
890 977 1028 1014 pacem
1072 963 1402 1012 coniungendum,
1443 963 1590 1000 videtur

252 1037 357 1087 quod
377 1049 457 1074 non
477 1043 533 1074 est
552 1036 733 1086 possibile
758 1036 830 1073 frui
860 1047 956 1085 pace
982 1035 1055 1073 nisi
1075 1034 1282 1084 pacificus3
1304 1041 1457 1072 secutus
1476 1034 1587 1072 fuerit
1604 1043 1630 1069 It
1644 1052 1733 1070 seems
1743 1044 1805 1070 that
1815 1043 1871 1070 this

33 1108 130 1139 Matt.
148 1108 203 1139 xii.
251 1108 397 1145 scolam
429 1107 554 1146 Cristi.
610 1108 728 1144 Aliter
762 1107 867 1144 enim
906 1107 977 1144 sibi
1006 1106 1206 1151 resisteret,
1243 1106 1332 1155 quia
1364 1104 1500 1142 Matth.
1540 1078 1851 1143 1233i53251³¹s²233ssbe

33 1160 98 1236 Jg'b
116 1195 158 1226 ix.
177 1204 208 1235 4,
251 1178 411 1216 dicitur:
447 1178 525 1224 Qui
540 1191 612 1215 non
633 1183 685 1215 est
702 1191 837 1215 mecum
851 1182 980 1215 contra
996 1190 1050 1214 me
1069 1180 1128 1214 est.
1174 1176 1250 1213 Sed
1266 1176 1338 1214 Iob
1354 1176 1405 1213 ix.
1419 1176 1557 1213 dicitur
1577 1189 1584 1214 :
1601 1144 1724 1177 through
1733 1145 1836 1173 Chnst.

257 1248 349 1295 Quis
368 1250 501 1286 restitit
518 1251 560 1295 ei,
581 1254 615 1286 el
629 1256 760 1298 pacem
790 1249 952 1286 habuit?
1009 1248 1123 1285 Scola
1147 1253 1274 1285 autem
1303 1246 1417 1284 Cristi
1447 1253 1520 1284 stat
1547 1247 1587 1284 in

37 1320 440 1369 1Pet.ii.21.paciendo
473 1320 639 1365 iniurias,
660 1326 700 1357 ut
731 1326 834 1369 patet
864 1320 903 1357 Ia
930 1319 1029 1356 Petr.
1060 1324 1113 1366 20,
1141 1319 1244 1356 Unde
1276 1318 1426 1356 Crz'stus
1448 1325 1588 1367 passus

250 1394 302 1427 est
328 1397 403 1439 pro
437 1391 549 1437 nobis,
585 1391 712 1427 vobz's4
738 1391 946 1439 relinquens
976 1391 1193 1439 exemplum.
1258 1388 1337 1435 Qui
1362 1402 1444 1425 cum
1478 1390 1587 1426 male-

250 1461 441 1508 diceretur,
464 1474 534 1498 non
561 1462 795 1499 maledicebat
803 1475 823 1505 ‚·
853 1475 935 1498 cum
955 1465 1159 1510 pateretur,
1190 1473 1262 1497 non
1292 1460 1584 1497 conminabalur.

251 1530 353 1570 Cum
377 1544 470 1581 ergo
490 1545 570 1570 non
589 1532 842 1570 habebimus5
862 1545 1000 1582 pacem
1027 1544 1117 1570 cum
1146 1531 1210 1569 illo
1231 1531 1304 1568 nisi
1330 1531 1448 1568 secuti
1474 1530 1587 1568 fueri-

251 1614 338 1639 mus
358 1603 504 1640 scolam
525 1615 647 1650 suam,
668 1603 870 1641 manifeste
892 1604 1061 1653 sequitur
1081 1602 1186 1652 quod
1207 1608 1360 1651 oportet
1380 1614 1452 1640 nos
1473 1602 1586 1639 istam

198 1672 463 1710 201eccionem
492 1674 663 1711 adiscere
692 1674 740 1711 de
764 1673 954 1711 humiliter
983 1674 1173 1723 paciendo
1203 1673 1369 1710 iniurias.
1425 1672 1475 1710 Et
1497 1673 1584 1711 hinc
1599 1683 1652 1708 We
1666 1688 1739 1709 must
1752 1683 1847 1710 follow

32 1751 124 1783 Luke
140 1753 205 1784 xxi.
250 1743 357 1781 Luce
368 1756 386 1780 2
398 1757 413 1781 1
427 1745 438 1764 ⁶
451 1745 605 1784 dicitur:
626 1745 677 1782 In
684 1746 880 1794 paciencia
894 1750 1016 1783 vestra
1021 1745 1253 1794 possidebitis
1269 1745 1415 1781 animas
1425 1749 1578 1782 vestras.
1596 1717 1782 1777 ξιῗτῃῗὲεινενὲο
1795 1727 1818 1744 ¹⁵

35 1803 85 1836 ¹9·
252 1813 415 1863 Oportet
441 1815 544 1853 enim
575 1816 664 1865 pati,
686 1816 1009 1861 condescendere,
1030 1822 1159 1853 tenere
1184 1816 1358 1854 melium
1382 1822 1423 1852 ut
1452 1816 1586 1853 obedi-

250 1890 334 1922 atur
348 1885 373 1932 ⁷‚
407 1885 438 1923 si
469 1892 631 1935 oportet,
668 1887 849 1924 extremis
880 1887 1088 1925 contrariis.
1144 1886 1194 1923 Et
1227 1886 1317 1924 hinc
1350 1886 1509 1932 Cristus‚
1547 1892 1588 1924 ut

33 1953 118 1995 Eph.
135 1954 235 1995 ii-14·
251 1955 344 1993 alias
379 1957 553 2006 exposui,
587 1963 665 1994 tarn
697 1959 832 1996 crebro
865 1959 1022 1995 tenebat
1054 1958 1236 1996 medium.
1297 1957 1373 1995 Sed
1406 1957 1505 2007 Eph.
1544 1964 1587 1995 20

198 2035 236 2067 25
253 2032 408 2063 testatur
447 2028 665 2076 apostolus:
697 2028 782 2077 Ipse
819 2034 872 2066 est
901 2036 988 2078 pax
1021 2033 1148 2066 nostra
1162 2042 1180 2072 ‚·
1211 2030 1280 2077 qui
1297 2029 1401 2078 fecit
1431 2033 1588 2077 utraque

252 2110 377 2135 unum.
434 2097 484 2135 Et
513 2089 707 2137 convincit
735 2099 839 2137 racio
870 2100 1051 2138 naturalis
1080 2099 1234 2137 fidelem
1263 2106 1303 2137 ut
1334 2112 1424 2149 sepe
1454 2099 1587 2149 repetii

250 2167 448 2205 intendere
477 2169 537 2206 isti
563 2170 677 2207 scole.
734 2170 837 2207 Nam
868 2170 1013 2208 Cristus
1050 2171 1089 2207 in
1117 2183 1233 2220 quern
1261 2177 1410 2220 oportet
1431 2171 1585 2208 credere
1599 2176 1665 2201 And
1678 2185 1838 2209 vengeance

34 2249 81 2279 H.
250 2238 374 2287 ipsam
404 2239 515 2277 docet
544 2240 610 2290 qui
636 2253 715 2278 non
744 2247 870 2290 potest
894 2253 982 2279 suos
1009 2241 1203 2279 seducere.
1259 2242 1310 2279 Et
1338 2242 1474 2278 iterum
1495 2254 1584 2279 cum
1598 2211 1820 2271 vvgietfingsgdleave

252 2308 340 2346 Deo
360 2309 578 2348 reddendus
598 2311 645 2348 sit
671 2311 824 2349 honnor
852 2312 986 2349 iniurie
1006 2312 1246 2358 vindicande,
1266 2319 1370 2361 patet
1393 2312 1499 2362 quod
1526 2313 1585 2349 in-

197 2401 240 2433 30
252 2380 433 2429 possibile
470 2389 527 2419 est
557 2382 768 2420 solventem
803 2382 878 2420 deo
912 2383 1019 2419 illum
1052 2383 1240 2420 honorem
1274 2395 1297 2420 a
1329 2383 1585 2421 retribucione

253 2451 607 2500 superhabundanti
636 2452 812 2491 deficere.
871 2453 971 2491 Cum
1001 2465 1095 2503 ergo
1122 2466 1202 2492 non
1226 2454 1293 2491 fuit
1320 2454 1359 2491 in
1389 2466 1436 2492 eo
1463 2461 1521 2492 est
1548 2460 1585 2491 et
1597 2465 1692 2491 Those
1704 2465 1767 2491 who
1783 2470 1865 2492 exact

1598 2507 1759 2531 vengeance
1770 2499 1808 2531 by
1818 2500 1865 2525 the

253 2533 344 2567 non,
366 2522 433 2559 Sed
464 2530 521 2560 est
554 2523 594 2559 in
625 2536 672 2561 eo
698 2530 803 2561 tanta
831 2524 1029 2573 paciencia
1050 2531 1128 2561 tam
1158 2525 1275 2562 verbo
1307 2536 1425 2573 quarn
1455 2537 1582 2575 opere,
1597 2533 1690 2592 ¹{word
1703 2542 1750 2593 are
1763 2533 1853 2592 there-

1609 2575 1656 2591 ore
1669 2575 1720 2592 con
1736 2575 1800 2598 rary
1826 2575 1842 2593 o

254 2592 500 2630 manifestum
531 2600 588 2630 est
623 2594 727 2643 quod
758 2602 993 2644 exequentes
1025 2595 1106 2633 sine
1135 2596 1217 2634 eius
1248 2596 1471 2638 auctoritate
1500 2597 1583 2634 vin·
1598 2599 1676 2625 Him-

295 2709 306 2727 ¹
322 2712 498 2752 quomodo,
517 2723 578 2745 om.
596 2721 629 2744 A.
719 2712 732 2731 ²
747 2713 877 2745 bonitas
893 2715 992 2754 pacis,
1009 2715 1077 2746 ord.
1095 2715 1164 2746 inv.
1182 2723 1213 2748 Β.
1303 2714 1314 2732 ³
1330 2714 1532 2757 pacificatus,
1549 2725 1583 2748 A.

251 2762 261 2779 4
284 2763 380 2794 nobis
395 2768 460 2804 pro
476 2765 582 2803 vobis,
600 2773 634 2795 Α.
746 2765 758 2782 ⁵
783 2765 950 2805 habemus,
971 2774 1004 2797 A.
1117 2769 1127 2783 b
1154 2773 1208 2798 12⁰
1221 2771 1284 2809 pro
1310 2774 1375 2806 21⁰,
1392 2776 1426 2807 A,
1445 2776 1486 2807 13;
1513 2774 1584 2808 21⁰,

252 2824 335 2846 corr.
353 2814 438 2846 Edd.
528 2814 540 2832 ⁷
563 2817 706 2856 obediat,
725 2824 754 2849 Β.
