2051 3299
680 190 746 221 DE
778 189 973 222 OFFICIO
1006 189 1163 221 Rnffls.
1784 187 1863 231 155

266 301 414 332 tantum
453 294 557 345 quod
597 295 781 344 segnicies
819 296 857 332 in
895 295 974 333 istis
1012 295 1109 333 foret
1146 294 1314 332 maxime
1353 294 1586 344 prodicionis
1597 301 1868 362 {iggtesffiffsscon‘

263 366 448 403 indicium
460 365 485 403 ¹.
542 365 627 404 Rex
648 366 759 416 igitur
778 374 815 404 et
834 365 1020 416 regnum²
1041 378 1120 403 non
1140 366 1282 403 debent
1302 365 1348 403 de
1369 366 1481 403 bonis
1508 365 1585 403 suis
1597 369 1867 436 ἴνῗιὲιὲἰὲξεὶέἱίεᾶῗρε

264 436 478 486 proditores
499 449 588 474 suos
609 437 809 475 defendere
841 438 907 475 sed
927 438 1143 475 fomentum
1171 437 1405 486 prodicionis
1435 438 1585 475 subtra-

265 507 366 552 here,
387 519 475 544 cum
505 507 580 544 hoc
600 514 773 557 vergeret
803 508 852 545 ad
883 508 1093 546 comodum
1124 508 1337 557 utrobique.
1396 507 1495 544 Item
1521 520 1588 545 rex

233 588 250 620 5
266 577 381 615 habet
409 583 638 626 potestatem
658 579 891 628 precipiendi
920 579 1104 628 episcopo
1133 591 1200 616 suo
1222 579 1293 615 sub
1313 591 1414 627 pena
1435 578 1590 616 ammis-

267 648 386 685 sionis
424 649 694 698 temporalium
731 650 796 687 ubi
834 662 914 687 non
961 649 1123 698 emergit
1169 655 1247 686 tam
1295 656 1432 698 patens
1478 661 1591 686 casus

265 719 431 768 periculi,
472 732 565 769 ergo
614 720 831 758 evidencius
878 721 917 757 in
964 721 1102 757 maiori
1149 719 1317 769 periculo
1365 720 1472 768 regni
1521 721 1590 757 sui.

266 791 520 839 Assumptum
550 795 655 839 patet
684 803 731 828 ex
760 790 834 827 hoc
860 790 966 839 quod
995 795 1151 839 propter
1182 789 1402 839 episcopale
1423 789 1591 827 officium

267 860 372 898 dedit
401 873 468 898 rex
499 861 570 897 sibi
600 861 846 910 stipendium,
876 873 948 899 nec
980 861 1076 899 foret
1106 872 1173 897 rex
1194 860 1302 909 regni
1333 860 1404 897 nisi
1433 859 1592 897 haberet

213 941 253 963 10
266 938 495 980 potestatem
528 931 577 968 ad
611 932 784 980 regimen
816 932 925 980 regni
960 932 1006 969 de
1037 932 1184 969 cunctis
1214 931 1290 969 suis
1317 931 1591 980 temporalibus

265 1002 475 1052 providere.
532 1002 633 1040 Cum
665 1003 767 1039 enim
796 1002 856 1039 lex
886 1003 1013 1040 divina
1041 1008 1078 1040 et
1101 1002 1163 1039 lex
1182 1001 1441 1039 ecclesiastica
1460 1002 1593 1040 dicunt

266 1073 373 1122 quod
392 1074 431 1109 in
450 1072 525 1111 hoc
546 1079 618 1110 stat
636 1074 851 1110 maximum
878 1073 986 1122 regni
1015 1072 1223 1122 periculum
1252 1079 1343 1110 nota
1363 1073 1593 1111 infidelitatis

48 1149 86 1177 C.
264 1143 363 1181 foret
387 1144 511 1193 magis
531 1144 726 1181 attendere
757 1144 806 1181 ad
835 1144 1003 1193 pericula
1033 1145 1142 1193 regni
1173 1144 1365 1181 sensibilia
1393 1156 1512 1194 quam
1544 1145 1593 1181 ad

266 1215 370 1251 illud.
428 1214 527 1252 Item
554 1215 756 1264 episcopus
786 1222 936 1252 tenetur
965 1215 1121 1252 obedire
1150 1215 1229 1264 regi
1259 1227 1330 1254 suo
1360 1216 1399 1252 in
1422 1216 1533 1253 licitis
1557 1222 1594 1253 et

214 1289 251 1322 15
268 1279 474 1332 canonicis,
508 1286 575 1323 sed
605 1286 677 1323 ista
707 1287 831 1324 forent
857 1287 1178 1335 pertinentissime
1207 1287 1308 1324 licita
1337 1293 1375 1324 et
1404 1287 1594 1324 canonica

266 1357 358 1407 quia
394 1357 522 1394 officio
560 1357 767 1406 episcopali
804 1370 851 1395 ex
895 1357 1042 1406 legibus
1082 1358 1242 1395 ecclesie
1279 1358 1462 1405 limitata3
1502 1370 1593 1407 ergo

264 1428 473 1466 honestum
494 1427 589 1465 foret
613 1428 796 1477 episcopo
817 1429 856 1465 in
877 1427 1116 1477 perfeccione
1144 1429 1304 1466 istorum
1333 1441 1404 1466 suo
1435 1429 1594 1466 domino

265 1499 367 1548 legio
383 1499 550 1536 obedire,
588 1499 707 1536 Aliter
727 1499 831 1536 enim
852 1512 918 1536 rex
939 1499 1000 1548 pie
1022 1499 1212 1536 aufferens
1233 1500 1281 1536 ab
1302 1512 1348 1537 eo
1368 1500 1595 1549 temporalia

266 1576 304 1607 et
324 1569 419 1607 dans
440 1569 547 1607 alteri
566 1569 717 1607 facienti
736 1569 829 1607 illud
849 1570 1017 1607 officium
1036 1570 1187 1619 posset3
1202 1583 1288 1608 vere
1309 1576 1345 1608 et
1361 1571 1594 1620 pertinenter

48 1637 145 1669 Matt.
162 1648 216 1669 xx.
266 1641 412 1678 dicere:
443 1644 451 1660 ‘
465 1640 593 1677 Amice
611 1626 683 1677 noiz
696 1641 811 1690 facio
831 1641 903 1677 tibi
917 1641 1109 1687 iniuriam,
1132 1653 1224 1677 nam
1242 1647 1350 1678 tuum
1371 1642 1476 1679 non4
1495 1641 1592 1679 foret
1605 1645 1659 1671 For
1668 1644 1692 1671 if
1698 1644 1745 1671 the
1755 1645 1874 1671 services

52 1690 64 1711 1
72 1691 102 1721 3.
1604 1689 1651 1705 are
1658 1685 1706 1705 not
1715 1680 1872 1712 performed

265 1712 357 1749 illud
377 1712 563 1749 donatum
583 1711 654 1748 nisi
678 1711 927 1760 compleveris
947 1718 1055 1748 tuum
1075 1711 1255 1758 officium,
1275 1712 1343 1749 sed
1362 1712 1401 1749 in
1421 1713 1592 1751 maximo
1604 1713 1872 1779 ξξῃζνξῑίξῑὲέὲθῖῗέ

1809 1767 1815 1779 ,

264 1783 372 1832 regni
387 1782 557 1831 periculo
579 1788 714 1820 contra
734 1782 898 1820 salutem
917 1782 1045 1819 anime
1065 1794 1151 1819 mee
1172 1795 1213 1819 es
1232 1783 1325 1820 mihi
1346 1783 1572 1821 inobediens
1584 1796 1593 1830 ;
1607 1786 1873 1847 ἱζνξζξῖξξζὲξζξῡ

265 1853 353 1891 ideo
377 1866 399 1890 a
424 1860 461 1891 te
487 1853 644 1899 auffero,
666 1865 746 1890 non
779 1859 856 1899 tua,
878 1853 945 1890 sed
973 1854 1078 1890 bona
1106 1854 1215 1903 regni
1244 1854 1321 1891 mei
1354 1866 1430 1903 que
1461 1861 1595 1891 contra

267 1937 453 1962 coronam
486 1931 523 1962 et
557 1924 682 1974 legem
718 1924 778 1961 dei
812 1924 951 1961 iniuste
985 1924 1177 1973 occupas?
1253 1924 1514 1963 Confirmatur
1547 1938 1594 1963 ex
1607 1936 1864 1969 Asthispowerof

213 2006 251 2038 25
266 1996 341 2034 hoc
362 1996 486 2045 primo
499 1995 512 2015 ⁵
532 1995 638 2045 quod
668 1995 977 2045 archiepiscopus
997 1996 1055 2033 vel
1074 2008 1176 2045 papa
1196 1996 1310 2033 debet
1330 1997 1370 2033 in
1389 1997 1454 2034 tali
1476 2009 1567 2034 casu
1580 1971 1827 2064 θὲἷῗιῗνῗῖἷὲἐὲεᾱ
1845 2011 1875 2031 to

1624 2048 1706 2071 eong
1731 2048 1747 2064 0
1793 2048 1808 2064 e

265 2067 495 2116 episcopum
527 2066 786 2116 negligentem
824 2066 1058 2116 suspendere
1098 2074 1135 2104 et
1172 2067 1344 2105 multare.
1412 2067 1489 2105 Sed
1525 2081 1591 2106 rex
1603 2072 1818 2137 {ffifbiassh‘ssssh‘it

266 2138 382 2175 habet
410 2137 560 2187 plenius
591 2138 807 2175 dominium
836 2151 950 2187 super
981 2138 1113 2176 omnia
1138 2140 1364 2188 temporalia
1397 2139 1505 2189 regni
1536 2140 1592 2177 sui
1604 2139 1878 2206 ξὲῗὲᾞέὃῆζζῖξθνῖ

268 2221 385 2258 quam
401 2222 491 2247 suus
511 2210 828 2259 metropolitanus
843 2211 901 2248 vel
917 2223 1029 2260 papa,
1047 2211 1161 2261 igitur
1179 2212 1260 2261 regi
1280 2213 1368 2250 licet
1383 2213 1594 2262 specialiter
1608 2207 1688 2267 ἓξὲξ
1699 2207 1877 2266 ζζιξῇξζξὲυε

269 2281 309 2317 in
339 2292 474 2318 eorum
505 2281 745 2330 negligencia
775 2282 936 2319 aufferre
956 2294 979 2319 a
1000 2283 1076 2320 suis
1105 2283 1367 2332 proditoribus
1394 2285 1498 2322 bona
1518 2296 1598 2321 sua.
1610 2274 1877 2340 ἓῇἀῖξζζῗξξξξὶξέθ

216 2358 258 2389 30
269 2351 390 2389 Aliter
427 2352 543 2398 enim,
584 2365 672 2390 cum
710 2353 761 2389 illi
800 2360 963 2402 possunt
1001 2355 1173 2403 perverti,
1209 2355 1294 2404 plus
1332 2343 1657 2405 appreciantesthe
1670 2342 1815 2375 kingdom.

270 2423 497 2472 temporalia
526 2436 643 2473 quam
678 2424 840 2462 salutem
873 2425 972 2473 regis
1003 2431 1041 2462 et
1078 2425 1198 2475 regni,
1234 2438 1315 2463 non
1353 2426 1481 2464 liceret
1519 2426 1598 2476 regi

270 2494 470 2544 providere
490 2494 538 2531 de
558 2494 640 2532 istis
658 2495 771 2532 bonis
792 2496 901 2544 regni
921 2495 1009 2532 licet
1037 2496 1243 2534 occasione
1271 2497 1446 2546 ipsorum
1475 2498 1599 2546 preci-

270 2565 391 2613 pitent
421 2577 553 2613 regem
589 2572 626 2603 et
661 2577 825 2614 regnum
857 2566 1072 2604 secundum
1111 2579 1251 2616 corpus
1285 2575 1321 2605 et
1356 2568 1525 2605 animam
1559 2568 1599 2605 in

315 2728 326 2746 ¹
350 2731 395 2761 In
412 2740 515 2770 marg.
533 2730 725 2767 Conclusio,
742 2739 773 2761 Β.
885 2730 897 2748 ²
919 2732 1020 2772 regni,
1037 2740 1069 2763 A.
1190 2732 1201 2749 ³
1226 2737 1344 2774 potest,
1364 2741 1393 2763 B.
1502 2733 1512 2751 ⁴
1536 2744 1600 2765 non

272 2792 332 2812 om.
351 2790 385 2813 A.
475 2782 486 2799 ⁵
511 2782 618 2823 primo
635 2793 675 2814 ex
690 2783 763 2821 hoc,
781 2783 848 2814 ord.
866 2784 949 2822 inv.²
967 2791 998 2815 B.
1087 2782 1099 2800 ‘³
1122 2794 1220 2815 causa
1235 2788 1299 2825 pro
1316 2795 1404 2824 casn,
1422 2793 1456 2816 Α.
