2051 3299
39 416 114 445 4d.

674 237 737 267 DE
772 237 965 269 OFFICIO
999 237 1156 270 REGIS.

260 351 344 385 rex,
387 341 456 388 qui
480 341 518 377 z'n
542 341 797 390 temporalibus
825 346 878 378 est
900 343 960 379 dez'
981 344 1157 388 vicarius,
1185 344 1266 381 bene
1295 358 1330 381 se
1363 346 1469 383 habel
1494 359 1583 395 erga

264 409 282 429 *
304 411 414 456 deum,
430 412 513 448 deus
532 413 571 447 z'n
591 413 726 460 agendo
739 413 875 461 dir-egil
889 426 978 450 eum.
1009 413 1174 462 Oportet
1194 427 1286 463 ergo
1307 415 1422 453 deum
1443 416 1584 454 habere

257 481 296 517 in
320 482 481 519 ecclesia
509 481 605 519 duos
633 482 804 528 vicarios,
831 483 972 521 scilicet
1001 496 1132 533 regem
1166 485 1206 521 in
1240 486 1516 535 temporalibus
1547 494 1583 524 et

255 552 496 589 sacerdotem
516 552 555 588 in
576 552 844 600 spiritualibus.
902 553 987 590 Rex
1009 560 1136 591 autem
1158 555 1272 592 debet
1294 568 1423 594 severe
1446 557 1581 595 coher-

223 634 339 670 5cere
359 623 548 669 rebellem,
573 623 669 660 sicut
694 623 780 660 fecit
801 624 920 661 deitas
945 624 984 660 in
1005 625 1118 661 veteri
1148 630 1392 664 testamento.
1451 627 1580 664 Sacer-

1812 246 1861 287 13

1597 426 1677 453 Thus
1691 427 1754 454 God
1768 434 1842 455 must

1596 460 1668 486 have
1681 466 1736 487 two
1748 462 1847 488 Vicars

1596 494 1624 519 in
1639 494 1685 519 the
1705 495 1828 528 Church,

1596 527 1643 552 the
1659 527 1736 560 King
1749 528 1776 554 in

1594 561 1689 593 things
1703 562 1849 593 temporal,

1594 594 1641 619 the
1655 594 1740 626 priest
1753 595 1780 620 in

1594 627 1688 659 things
1702 627 1839 660 spiritual.

1594 671 1655 696 The
1671 671 1726 697 Kin
1729 681 1748 704 g
1762 677 1835 697 must

37 699 195 730 F01.108
206 701 240 730 b.
254 692 324 730 dos
353 704 442 730 vero
465 691 483 711 '⁴‘
502 693 616 730 debet
645 693 859 730 ministrare
880 700 1105 743 preceptum
1123 695 1203 732 miti
1223 696 1342 733 modo
1372 696 1581 734 humilibus
1593 705 1680 730 check
1693 705 1826 731 rebenion

252 768 427 811 ternpore
447 763 541 811 legis
571 763 698 811 gracie
726 764 821 800 sicut
847 763 933 801 fecit
959 764 1178 802 humanitas
1199 765 1325 811 Cristi‚
1347 766 1432 815 qui¹
1467 767 1580 804 simul

252 832 320 870 fuit
353 846 419 870 rex
455 840 491 870 et
526 833 717 871 sacerdos.
773 834 823 870 Et
857 834 945 871 hinc
978 834 1067 872 dicit
1098 835 1339 885 Augustinus
1373 836 1479 886 quod
1513 850 1577 875 rex

251 903 367 940 habet
385 904 607 952 ymaginem
629 902 709 940 dei2
729 904 796 941 sed
819 905 1021 953 episcopus
1040 906 1265 954 ymaginem
1280 906 1404 952 Cristi,
1426 914 1581 956 propter

200 993 240 1016 10
252 974 502 1010 ministerium
521 974 688 1011 indubie.
747 974 830 1012 Nec
859 982 915 1012 est
943 975 1169 1024 fingendum
1193 976 1448 1014 ministerium
1469 976 1581 1015 huius

252 1042 469 1080 differencie
499 1044 703 1080 verborum
730 1044 801 1080 nisi
829 1044 933 1093 quod
959 1057 1025 1081 rex
1056 1045 1153 1093 gerit
1182 1046 1404 1094 ymaginem
1434 1046 1581 1084 deitatis

255 1112 380 1158 Cristi‚
403 1113 499 1150 sicut
519 1113 725 1162 episcopus
745 1114 965 1162 ymaginem
986 1126 1053 1151 sue
1073 1114 1335 1152 humanitatis.
1391 1115 1441 1152 Et
1466 1128 1582 1165 super

37 1193 50 1217 1
66 1185 143 1217 Cor.
156 1185 198 1217 xi.
215 1192 243 1224 3.
256 1183 329 1222 isto
349 1185 492 1233 pendet
519 1184 652 1233 regula
679 1184 892 1233 apostolica
912 1184 944 1220 ia
968 1183 1057 1221 Cor.
1080 1184 1123 1221 x3
1144 1185 1192 1222 de
1213 1185 1394 1233 gradibus
1424 1185 1582 1223 honoris

251 1255 463 1292 tribuendis
500 1255 683 1292 membris
721 1254 892 1292 ecclesie.
959 1254 1053 1301 Volo,
1087 1255 1221 1304 inquit,
1258 1268 1320 1292 vos
1357 1257 1452 1292 scz're
1489 1257 1588 1304 quod

199 1340 237 1374 15
251 1328 367 1364 omnis
400 1327 483 1362 viri
509 1329 621 1375 capul
643 1324 793 1362 Crz'slus
812 1329 865 1361 est
875 1339 894 1369 ,·
924 1325 1046 1373 capud
1074 1329 1191 1362 autem
1213 1326 1378 1362 mulieris
1411 1330 1463 1363 est
1493 1328 1555 1363 vir
1570 1342 1584 1364 .-

297 1463 407 1494 Glossa
432 1462 590 1504 z'nfl’rz‘orz'
605 1462 756 1502 margine
768 1461 832 1502 fhl.
851 1472 871 1501 4
887 1463 910 1491 b
928 1471 947 1492 e
964 1461 1081 1501 prima
1098 1471 1202 1492 manu
1218 1461 1501 1503 „tempta—Super
1519 1462 1582 1494 hoc

250 1524 403 1556 processu
420 1525 460 1545 an
476 1513 644 1544 maioritas
660 1513 822 1543 sensibilis
839 1512 1065 1543 subdividatur
1075 1513 1254 1543 secundum
1268 1514 1431 1544 racionem
1445 1513 1584 1554 duplici-

250 1570 353 1597 tatem
368 1565 523 1596 latentem
539 1565 571 1594 in
589 1564 696 1595 officio
714 1564 855 1595 clericali
873 1568 928 1595 aut
952 1564 1130 1594 secundum
1153 1563 1321 1604 duplicem
1343 1564 1517 1601 racionem,
1537 1565 1582 1596 sic

251 1616 341 1658 quod
364 1626 475 1647 earum
497 1626 561 1646 una
584 1616 625 1646 sit
648 1616 681 1646 in
706 1614 814 1646 officio
838 1615 988 1652 clericali,
1018 1615 1083 1645 alia
1108 1614 1216 1645 officio
1240 1615 1366 1646 domini
1389 1616 1583 1656 temporalis

251 1667 483 1708 deputata,hic
495 1671 629 1707 apparet
646 1667 710 1697 isto
726 1666 827 1696 modo
844 1665 1063 1707 respondendi
1081 1666 1261 1696 secundum
1279 1676 1408 1697 sensum
1425 1666 1579 1704 doctoris,

251 1718 340 1759 quod
363 1719 534 1749 maioritas
557 1717 719 1748 sensibilis
736 1717 834 1748 habet
850 1717 953 1747 dividi
969 1717 1148 1747 secundum
1167 1717 1334 1757 duplicem
1350 1717 1516 1749 racionem
1533 1718 1580 1748 in-

250 1774 346 1801 venta
376 1770 409 1800 in
440 1769 575 1800 diversis
614 1769 738 1800 officiis.
808 1769 897 1798 Nam
936 1768 1043 1799 honor
1081 1768 1237 1808 inpensus
1269 1768 1407 1799 seculari
1445 1769 1582 1800 domino

249 1820 402 1852 fundatur
417 1831 513 1861 super
529 1820 666 1852 seculari
683 1819 841 1855 dominio,
854 1819 911 1850 sed
927 1819 1033 1849 honor
1044 1819 1233 1850 tribuendus
1250 1819 1411 1851 sacerdoti
1427 1820 1580 1852 fundatur

249 1872 282 1903 in
299 1873 481 1903 virtutibus.

293 1924 444 1964 Apparet
467 1928 575 1954 autem
598 1934 636 1955 ex
659 1923 758 1954 dictis
781 1922 874 1953 istius
898 1922 1036 1960 domini,
1053 1921 1143 1962 quod
1166 1932 1231 1952 non
1255 1926 1303 1953 est
1325 1923 1432 1953 honor
1455 1923 1579 1964 impen-

250 1975 374 2006 dendus
390 1976 509 2006 saltem
526 1975 687 2006 sacerdoti
703 1974 874 2009 sensibilis,
891 1978 922 2005 et
938 1979 973 2005 ut
990 1974 1117 2005 videtur
1132 1974 1238 2005 innuit
1255 1974 1343 2015 quod
1359 1974 1529 2014 dignitatis
1545 1975 1578 2006 in

251 2026 376 2058 Christi
399 2025 553 2067 pontifice
574 2036 639 2057 non
663 2030 711 2057 est
735 2026 840 2056 maior
863 2036 962 2066 quam
985 2026 1018 2055 in
1041 2035 1127 2065 rege,
1151 2025 1229 2055 dato
1253 2025 1343 2066 quod
1362 2025 1403 2057 sit
1427 2026 1579 2057 sacerdos

251 2088 379 2110 cesaree
406 2078 538 2108 dotatus
560 2083 617 2109 aut
639 2088 705 2108 non
729 2082 934 2108 contentetur
957 2087 1031 2107 cum
1054 2077 1178 2107 honore
1201 2077 1358 2108 sensibili.
1416 2077 1479 2107 Pro
1507 2077 1579 2108 istis

250 2130 433 2161 notandum
449 2130 537 2170 quod
554 2129 668 2160 doctor
691 2140 757 2159 non
781 2129 920 2160 intendit
945 2129 1022 2169 quin
1047 2128 1153 2159 honor
1176 2128 1338 2160 sensibilis
1355 2129 1578 2161 sacerdotibus

250 2187 298 2213 est
336 2183 412 2213 satis
450 2182 532 2212 bene
570 2180 769 2219 tribuendus,
801 2180 1032 2221 presupposita
1063 2179 1205 2221 tam[en]
1238 2180 1366 2211 virtute.
1429 2180 1471 2211 Et
1502 2180 1578 2211 ideo

250 2232 381 2274 quando
398 2232 518 2263 dicitur
534 2243 553 2262 a
569 2232 703 2263 doctore
720 2231 809 2272 quod
826 2230 976 2262 sacerdos
993 2231 1236 2262 contentabitur
1251 2231 1291 2261 de
1309 2231 1454 2262 secundo
1477 2231 1578 2262 modo

250 2283 393 2321 honoris,
420 2283 635 2324 despicienter
661 2283 695 2313 in
722 2293 756 2314 se
782 2283 936 2323 primum,
965 2282 1125 2313 secundus
1148 2282 1268 2313 modus
1291 2282 1425 2313 honoris
1449 2282 1489 2313 de
1513 2293 1578 2323 quo

250 2335 394 2376 loquitur
409 2339 457 2365 est
473 2335 591 2365 modus
607 2334 740 2365 honoris
757 2334 930 2372 sensibilis,
948 2334 981 2364 in
998 2333 1171 2364 virtutibus
1187 2338 1295 2365 tamen
1313 2333 1475 2365 fundatus.
1536 2335 1579 2364 Et

250 2386 374 2428 primus
388 2386 506 2417 modus
521 2386 655 2417 honoris
671 2386 711 2417 de
723 2396 788 2426 quo
806 2386 850 2416 ibi
867 2386 904 2416 fit
925 2385 1054 2416 mencio
1071 2389 1119 2416 est
1134 2385 1252 2416 modus
1267 2385 1400 2416 honoris
1417 2385 1579 2417 sensibilis

249 2439 284 2469 in
301 2437 437 2468 domino
452 2438 589 2469 seculari
613 2437 774 2468 fundatus.
815 2437 914 2477 Quod
930 2436 957 2467 si
980 2436 1095 2467 doctor
1110 2436 1276 2477 intelligat
1292 2436 1399 2467 solum
1420 2437 1578 2467 honorem

250 2489 438 2520 sensibilem
461 2489 683 2520 sacerdotibus
706 2488 950 2530 impendendum
966 2493 1049 2519 esset
1066 2487 1331 2528 cognoscendum
1356 2487 1389 2518 in
1413 2498 1479 2528 quo
1503 2498 1578 2518 con-

251 2542 378 2572 sisteret
398 2541 454 2571 ille
475 2541 581 2571 honor
600 2540 809 2571 insensibilis.
858 2540 900 2570 Et
917 2540 999 2570 foret
1015 2539 1167 2570 mirabile
1184 2539 1329 2579 aliquem
1351 2538 1435 2569 velle
1459 2538 1576 2576 dicere,

251 2593 341 2634 quod
368 2592 511 2633 dignitas
534 2591 743 2622 sacerdotalis
767 2602 833 2622 non
856 2595 939 2622 esset
962 2591 1069 2621 maior
1092 2591 1124 2620 in
1149 2590 1289 2631 prescito
1313 2600 1411 2631 quam
1435 2589 1579 2630 dignitas

251 2650 376 2676 terrena
392 2649 447 2675 aut
462 2644 616 2674 secularis
632 2644 664 2674 in
681 2643 911 2684 predestinatQ
929 2652 1003 2673 cum
1019 2642 1165 2683 dignitas
1181 2641 1365 2682 apostolica
1382 2642 1415 2672 in
1431 2641 1515 2672 Iuda
1531 2645 1579 2672 est

250 2697 355 2732 maior
370 2706 469 2737 quam
485 2695 629 2736 dignitas
644 2695 798 2726 secularis
813 2694 846 2725 in
864 2694 975 2725 David
991 2694 1164 2725 Iudeorum
1180 2703 1265 2734 rege.

508 2800 520 2819 1
544 2810 605 2840 que
620 2805 684 2841 pro
700 2800 764 2840 qui,
784 2806 817 2829 Α.
906 2798 917 2815 ²
941 2797 1003 2837 dei,
1021 2808 1080 2828 om.
1098 2806 1131 2829 Α.
1222 2796 1233 2814 ³
1261 2802 1324 2827 11⁰.

1594 738 1728 770 severely,
1743 747 1774 764 as
1788 738 1852 764 God

1594 771 1642 796 did
1657 771 1684 796 in
1699 772 1746 796 the
1760 772 1817 798 Old

1592 804 1765 842 Testamqng
1777 813 1795 830 a.

1591 843 1677 868 prlest
1691 843 1817 864 mlmster

1592 870 1620 895 in
1634 871 1794 902 gentleness

1592 904 1664 929 after
1677 904 1724 929 the
1737 913 1839 930 manne

1595 937 1627 962 of
1636 937 1740 963 Christ.

1593 981 1655 1006 The
1670 981 1749 1013 King
1760 981 1842 1007 bears

1594 1014 1641 1039 the
1655 1014 1746 1047 image
1765 1015 1798 1040 of

1594 1047 1713 1073 Christ’s
1726 1047 1801 1073 God-

1594 1080 1676 1112 head,
1689 1081 1737 1106 the
1750 1080 1836 1113 priest

1594 1114 1626 1140 of
1637 1114 1692 1140 His
1705 1114 1856 1141 manhood.
