<?xml version="1.0" encoding="UTF-8"?>
<!DOCTYPE html PUBLIC "-//W3C//DTD XHTML 1.0 Transitional//EN"
    "http://www.w3.org/TR/xhtml1/DTD/xhtml1-transitional.dtd">
<html xmlns="http://www.w3.org/1999/xhtml" xml:lang="en" lang="en">
 <head>
  <title>
</title>
<meta http-equiv="Content-Type" content="text/html;charset=utf-8" />
  <meta name='ocr-system' content='tesseract 3.04.00' />
  <meta name='ocr-capabilities' content='ocr_page ocr_carea ocr_par ocr_line ocrx_word'/>
</head>
<body>
  <div class='ocr_page' id='page_1' title='image "./tractatusdeoffic00wycl_0149.png"; bbox 0 0 2051 3299; ppageno 0'>
   <div class='ocr_carea' id='block_1_1' title="bbox 695 277 1172 309">
    <p class='ocr_par' dir='ltr' id='par_1_1' title="bbox 695 277 1172 309">
     <span class='ocr_line' id='line_1_1' title="bbox 695 277 1172 309; baseline -0.004 0"><span class='ocrx_word' id='word_1_1' title='bbox 695 278 758 309; x_wconf 88' lang='lat' dir='ltr'>DE</span> <span class='ocrx_word' id='word_1_2' title='bbox 791 277 983 309; x_wconf 90' lang='lat' dir='ltr'>OFFICIO</span> <span class='ocrx_word' id='word_1_3' title='bbox 1016 277 1172 308; x_wconf 85' lang='lat' dir='ltr'>REGIS.</span> 
     </span>
    </p>
   </div>
   <div class='ocr_carea' id='block_1_2' title="bbox 227 378 1607 1071">
    <p class='ocr_par' dir='ltr' id='par_1_2' title="bbox 227 378 1607 1071">
     <span class='ocr_line' id='line_1_2' title="bbox 285 378 1602 432; baseline -0.005 -12"><span class='ocrx_word' id='word_1_4' title='bbox 285 383 464 421; x_wconf 87' lang='lat' dir='ltr'>secularis</span> <span class='ocrx_word' id='word_1_5' title='bbox 485 382 703 432; x_wconf 80' lang='lat' dir='ltr'>intelligitur</span> <span class='ocrx_word' id='word_1_6' title='bbox 721 383 868 420; x_wconf 81' lang='lat' dir='ltr'>famose</span> <span class='ocrx_word' id='word_1_7' title='bbox 890 382 1087 432; x_wconf 77' lang='lat' dir='ltr'>dupliciter</span> <span class='ocrx_word' id='word_1_8' title='bbox 1100 395 1110 428; x_wconf 76' lang='lat'><em>3</em></span> <span class='ocrx_word' id='word_1_9' title='bbox 1139 381 1197 418; x_wconf 89' lang='lat' dir='ltr'>vel</span> <span class='ocrx_word' id='word_1_10' title='bbox 1217 381 1370 430; x_wconf 82' lang='lat' dir='ltr'>proprie</span> <span class='ocrx_word' id='word_1_11' title='bbox 1400 392 1470 429; x_wconf 89' lang='lat' dir='ltr'>pro</span> <span class='ocrx_word' id='word_1_12' title='bbox 1498 378 1602 415; x_wconf 84' lang='lat' dir='ltr'>laicis</span> 
     </span>
     <span class='ocr_line' id='line_1_3' title="bbox 282 450 1602 502; baseline -0.004 -12"><span class='ocrx_word' id='word_1_13' title='bbox 282 454 454 492; x_wconf 90' lang='lat' dir='ltr'>civilibus</span> <span class='ocrx_word' id='word_1_14' title='bbox 493 461 556 491; x_wconf 86' lang='lat' dir='ltr'>aut</span> <span class='ocrx_word' id='word_1_15' title='bbox 598 454 813 500; x_wconf 83' lang='lat' dir='ltr'>mundanis,</span> <span class='ocrx_word' id='word_1_16' title='bbox 853 460 889 491; x_wconf 92' lang='lat' dir='ltr'>et</span> <span class='ocrx_word' id='word_1_17' title='bbox 930 454 983 491; x_wconf 87' lang='lat' dir='ltr'>sic</span> <span class='ocrx_word' id='word_1_18' title='bbox 1030 453 1252 502; x_wconf 80' lang='lat' dir='ltr'>prohibetur</span> <span class='ocrx_word' id='word_1_19' title='bbox 1300 451 1443 489; x_wconf 83' lang='lat' dir='ltr'>clericis</span> <span class='ocrx_word' id='word_1_20' title='bbox 1481 450 1602 486; x_wconf 89' lang='lat' dir='ltr'>vivere</span> 
     </span>
     <span class='ocr_line' id='line_1_4' title="bbox 278 521 1603 574; baseline -0.003 -12"><span class='ocrx_word' id='word_1_21' title='bbox 278 526 523 572; x_wconf 83' lang='lat' dir='ltr'>seculariter3</span> <span class='ocrx_word' id='word_1_22' title='bbox 557 526 615 562; x_wconf 85' lang='lat' dir='ltr'>vel</span> <span class='ocrx_word' id='word_1_23' title='bbox 645 526 858 563; x_wconf 81' lang='lat' dir='ltr'>comuniter</span> <span class='ocrx_word' id='word_1_24' title='bbox 888 537 957 574; x_wconf 92' lang='lat' dir='ltr'>pro</span> <span class='ocrx_word' id='word_1_25' title='bbox 990 536 1218 573; x_wconf 84' lang='lat' dir='ltr'>quocunque</span> <span class='ocrx_word' id='word_1_26' title='bbox 1248 522 1384 560; x_wconf 84' lang='lat' dir='ltr'>clerico</span> <span class='ocrx_word' id='word_1_27' title='bbox 1414 528 1478 558; x_wconf 86' lang='lat' dir='ltr'>aut</span> <span class='ocrx_word' id='word_1_28' title='bbox 1506 521 1603 558; x_wconf 88' lang='lat' dir='ltr'>laico</span> 
     </span>
     <span class='ocr_line' id='line_1_5' title="bbox 282 593 1604 645; baseline -0.003 -12"><span class='ocrx_word' id='word_1_29' title='bbox 282 597 428 634; x_wconf 88' lang='lat' dir='ltr'>vivente</span> <span class='ocrx_word' id='word_1_30' title='bbox 468 597 764 642; x_wconf 85' lang='lat' dir='ltr'>inclaustraliter,</span> <span class='ocrx_word' id='word_1_31' title='bbox 800 603 905 634; x_wconf 86' lang='lat' dir='ltr'>extra</span> <span class='ocrx_word' id='word_1_32' title='bbox 944 596 1132 645; x_wconf 88' lang='lat' dir='ltr'>privatum</span> <span class='ocrx_word' id='word_1_33' title='bbox 1172 594 1358 639; x_wconf 84' lang='lat' dir='ltr'>ordinem,</span> <span class='ocrx_word' id='word_1_34' title='bbox 1393 593 1604 631; x_wconf 89' lang='lat' dir='ltr'>secundum</span> 
     </span>
     <span class='ocr_line' id='line_1_6' title="bbox 247 663 1604 716; baseline -0.006 -8"><span class='ocrx_word' id='word_1_35' title='bbox 247 668 509 708; x_wconf 79' lang='lat' dir='ltr'>5cerim0nias</span> <span class='ocrx_word' id='word_1_36' title='bbox 548 675 654 705; x_wconf 78' lang='lat' dir='ltr'>extra</span> <span class='ocrx_word' id='word_1_37' title='bbox 697 668 923 716; x_wconf 81' lang='lat' dir='ltr'>scripturam</span> <span class='ocrx_word' id='word_1_38' title='bbox 970 667 1196 704; x_wconf 89' lang='lat' dir='ltr'>canonicam</span> <span class='ocrx_word' id='word_1_39' title='bbox 1231 665 1465 702; x_wconf 78' lang='lat' dir='ltr'>adinventas.</span> <span class='ocrx_word' id='word_1_40' title='bbox 1543 663 1604 701; x_wconf 86' lang='lat' dir='ltr'>Sic</span> 
     </span>
     <span class='ocr_line' id='line_1_7' title="bbox 280 736 1603 788; baseline -0.004 -12"><span class='ocrx_word' id='word_1_41' title='bbox 280 739 381 776; x_wconf 91' lang='lat' dir='ltr'>enim</span> <span class='ocrx_word' id='word_1_42' title='bbox 397 745 581 776; x_wconf 86' lang='lat' dir='ltr'>vocantur</span> <span class='ocrx_word' id='word_1_43' title='bbox 597 739 777 788; x_wconf 81' lang='lat' dir='ltr'>episcopi,</span> <span class='ocrx_word' id='word_1_44' title='bbox 797 746 972 784; x_wconf 90' lang='lat' dir='ltr'>rectores,</span> <span class='ocrx_word' id='word_1_45' title='bbox 992 746 1028 775; x_wconf 89' lang='lat' dir='ltr'>et</span> <span class='ocrx_word' id='word_1_46' title='bbox 1043 737 1241 787; x_wconf 83' lang='lat' dir='ltr'>presbiteri</span> <span class='ocrx_word' id='word_1_47' title='bbox 1258 737 1383 775; x_wconf 87' lang='lat' dir='ltr'>clerici</span> <span class='ocrx_word' id='word_1_48' title='bbox 1403 736 1603 780; x_wconf 85' lang='lat' dir='ltr'>seculares,</span> 
     </span>
     <span class='ocr_line' id='line_1_8' title="bbox 281 809 1606 857; baseline -0.002 -11"><span class='ocrx_word' id='word_1_49' title='bbox 281 809 373 846; x_wconf 90' lang='lat' dir='ltr'>dum</span> <span class='ocrx_word' id='word_1_50' title='bbox 393 816 522 849; x_wconf 87' lang='lat' dir='ltr'>tamen</span> <span class='ocrx_word' id='word_1_51' title='bbox 544 810 684 848; x_wconf 92' lang='lat' dir='ltr'>debent</span> <span class='ocrx_word' id='word_1_52' title='bbox 703 822 785 847; x_wconf 88' lang='lat' dir='ltr'>esse</span> <span class='ocrx_word' id='word_1_53' title='bbox 812 809 1072 847; x_wconf 84' lang='lat' dir='ltr'>claustralibus</span> <span class='ocrx_word' id='word_1_54' title='bbox 1092 809 1345 857; x_wconf 83' lang='lat' dir='ltr'>religiosiores</span> <span class='ocrx_word' id='word_1_55' title='bbox 1365 815 1403 845; x_wconf 91' lang='lat' dir='ltr'>et</span> <span class='ocrx_word' id='word_1_56' title='bbox 1422 820 1519 856; x_wconf 90' lang='lat' dir='ltr'>eque</span> <span class='ocrx_word' id='word_1_57' title='bbox 1540 819 1606 843; x_wconf 81' lang='lat' dir='ltr'>ex-</span> 
     </span>
     <span class='ocr_line' id='line_1_9' title="bbox 281 879 1607 931; baseline -0.002 -14"><span class='ocrx_word' id='word_1_58' title='bbox 281 882 530 930; x_wconf 87' lang='lat' dir='ltr'>proprietarii,</span> <span class='ocrx_word' id='word_1_59' title='bbox 563 881 652 931; x_wconf 87' lang='lat' dir='ltr'>quia</span> <span class='ocrx_word' id='word_1_60' title='bbox 684 887 1016 930; x_wconf 82' lang='lat' dir='ltr'>quantuscumque</span> <span class='ocrx_word' id='word_1_61' title='bbox 1051 880 1226 917; x_wconf 89' lang='lat' dir='ltr'>cumulus</span> <span class='ocrx_word' id='word_1_62' title='bbox 1256 879 1522 929; x_wconf 83' lang='lat' dir='ltr'>temporalium</span> <span class='ocrx_word' id='word_1_63' title='bbox 1554 879 1607 915; x_wconf 88' lang='lat' dir='ltr'>eis</span> 
     </span>
     <span class='ocr_line' id='line_1_10' title="bbox 283 949 1607 1001; baseline -0.002 -12"><span class='ocrx_word' id='word_1_64' title='bbox 283 952 429 990; x_wconf 87' lang='lat' dir='ltr'>affuerit</span> <span class='ocrx_word' id='word_1_65' title='bbox 446 952 585 989; x_wconf 89' lang='lat' dir='ltr'>debent</span> <span class='ocrx_word' id='word_1_66' title='bbox 605 965 687 990; x_wconf 91' lang='lat' dir='ltr'>esse</span> <span class='ocrx_word' id='word_1_67' title='bbox 704 953 894 990; x_wconf 89' lang='lat' dir='ltr'>bonorum</span> <span class='ocrx_word' id='word_1_68' title='bbox 914 964 1127 1001; x_wconf 84' lang='lat' dir='ltr'>pauperum</span> <span class='ocrx_word' id='word_1_69' title='bbox 1140 952 1242 988; x_wconf 90' lang='lat' dir='ltr'>nude</span> <span class='ocrx_word' id='word_1_70' title='bbox 1255 949 1267 970; x_wconf 88' lang='lat'>¹</span> <span class='ocrx_word' id='word_1_71' title='bbox 1284 957 1549 1000; x_wconf 86' lang='lat' dir='ltr'>procuratores</span> <span class='ocrx_word' id='word_1_72' title='bbox 1571 958 1607 986; x_wconf 90' lang='lat' dir='ltr'>et</span> 
     </span>
     <span class='ocr_line' id='line_1_11' title="bbox 227 1021 1607 1071; baseline -0.001 -13"><span class='ocrx_word' id='word_1_73' title='bbox 227 1037 266 1058; x_wconf 89' lang='lat'>10</span> <span class='ocrx_word' id='word_1_74' title='bbox 282 1024 413 1061; x_wconf 88' lang='lat' dir='ltr'>fideles</span> <span class='ocrx_word' id='word_1_75' title='bbox 445 1024 720 1068; x_wconf 85' lang='lat' dir='ltr'>distributores,</span> <span class='ocrx_word' id='word_1_76' title='bbox 741 1036 822 1060; x_wconf 89' lang='lat' dir='ltr'>non</span> <span class='ocrx_word' id='word_1_77' title='bbox 854 1024 1001 1060; x_wconf 91' lang='lat' dir='ltr'>domini</span> <span class='ocrx_word' id='word_1_78' title='bbox 1033 1023 1171 1068; x_wconf 85' lang='lat' dir='ltr'>civiles,</span> <span class='ocrx_word' id='word_1_79' title='bbox 1203 1029 1242 1059; x_wconf 90' lang='lat' dir='ltr'>ut</span> <span class='ocrx_word' id='word_1_80' title='bbox 1280 1022 1408 1071; x_wconf 89' lang='lat' dir='ltr'>pulcre</span> <span class='ocrx_word' id='word_1_81' title='bbox 1441 1021 1607 1058; x_wconf 82' lang='lat' dir='ltr'>declarat</span> 
     </span>
    </p>
   </div>
   <div class='ocr_carea' id='block_1_3' title="bbox 65 1093 1608 1180">
    <p class='ocr_par' dir='ltr' id='par_1_3' title="bbox 65 1093 1608 1180">
     <span class='ocr_line' id='line_1_12' title="bbox 65 1093 1608 1145; baseline -0.005 -9"><span class='ocrx_word' id='word_1_82' title='bbox 65 1095 389 1144; x_wconf 81' lang='lat' dir='ltr'>Decret.111.glosa</span> <span class='ocrx_word' id='word_1_83' title='bbox 423 1107 536 1144; x_wconf 86' lang='lat' dir='ltr'>super</span> <span class='ocrx_word' id='word_1_84' title='bbox 565 1095 735 1144; x_wconf 88' lang='lat' dir='ltr'>capitulo</span> <span class='ocrx_word' id='word_1_85' title='bbox 748 1096 1036 1145; x_wconf 64' lang='lat' dir='ltr'>fi‘alernz&#39;lcztem</span> <span class='ocrx_word' id='word_1_86' title='bbox 1068 1095 1107 1130; x_wconf 93' lang='lat' dir='ltr'>in</span> <span class='ocrx_word' id='word_1_87' title='bbox 1135 1094 1252 1131; x_wconf 92' lang='lat' dir='ltr'>tercio</span> <span class='ocrx_word' id='word_1_88' title='bbox 1281 1093 1539 1138; x_wconf 85' lang='lat' dir='ltr'>decretalium,</span> <span class='ocrx_word' id='word_1_89' title='bbox 1571 1100 1608 1129; x_wconf 90' lang='lat' dir='ltr'>et</span> 
     </span>
     <span class='ocr_line' id='line_1_13' title="bbox 66 1157 198 1180; baseline 0.015 -2"><span class='ocrx_word' id='word_1_90' title='bbox 66 1158 150 1178; x_wconf 81' lang='lat' dir='ltr'><strong>XXIV.</strong></span> <span class='ocrx_word' id='word_1_91' title='bbox 170 1157 198 1180; x_wconf 79' lang='lat'>2-</span> 
     </span>
    </p>
   </div>
   <div class='ocr_carea' id='block_1_4' title="bbox 68 1199 1607 1281">
    <p class='ocr_par' dir='ltr' id='par_1_4' title="bbox 68 1199 1607 1281">
     <span class='ocr_line' id='line_1_14' title="bbox 68 1199 244 1231; baseline 0.006 -1"><span class='ocrx_word' id='word_1_92' title='bbox 68 1200 118 1231; x_wconf 91' lang='lat' dir='ltr'>Ib.</span> <span class='ocrx_word' id='word_1_93' title='bbox 131 1207 187 1229; x_wconf 90' lang='lat'>111.</span> <span class='ocrx_word' id='word_1_94' title='bbox 201 1199 244 1231; x_wconf 78' lang='lat' dir='ltr'>ix,</span> 
     </span>
     <span class='ocr_line' id='line_1_15' title="bbox 70 1236 1607 1281; baseline -0.002 -6"><span class='ocrx_word' id='word_1_95' title='bbox 70 1253 97 1274; x_wconf 89' lang='lat'>2.</span> <span class='ocrx_word' id='word_1_96' title='bbox 284 1239 429 1276; x_wconf 66' lang='lat' dir='ltr'>issimo?</span> <span class='ocrx_word' id='word_1_97' title='bbox 484 1237 533 1274; x_wconf 90' lang='lat' dir='ltr'>Et</span> <span class='ocrx_word' id='word_1_98' title='bbox 571 1238 673 1274; x_wconf 91' lang='lat' dir='ltr'>idem</span> <span class='ocrx_word' id='word_1_99' title='bbox 713 1238 841 1275; x_wconf 89' lang='lat' dir='ltr'>dicunt</span> <span class='ocrx_word' id='word_1_100' title='bbox 880 1238 1003 1274; x_wconf 91' lang='lat' dir='ltr'>sancti</span> <span class='ocrx_word' id='word_1_101' title='bbox 1050 1238 1228 1274; x_wconf 89' lang='lat' dir='ltr'>doctores</span> <span class='ocrx_word' id='word_1_102' title='bbox 1277 1236 1527 1281; x_wconf 86' lang='lat' dir='ltr'>concorditer,</span> <span class='ocrx_word' id='word_1_103' title='bbox 1566 1242 1607 1272; x_wconf 90' lang='lat' dir='ltr'>ut</span> 
     </span>
    </p>
   </div>
   <div class='ocr_carea' id='block_1_5' title="bbox 284 1163 1607 1204">
    <p class='ocr_par' dir='ltr' id='par_1_5' title="bbox 284 1163 1607 1204">
     <span class='ocr_line' id='line_1_16' title="bbox 284 1163 1607 1204; baseline -0.003 0"><span class='ocrx_word' id='word_1_104' title='bbox 284 1167 484 1204; x_wconf 87' lang='lat' dir='ltr'>cardinalis</span> <span class='ocrx_word' id='word_1_105' title='bbox 500 1167 539 1203; x_wconf 92' lang='lat' dir='ltr'>in</span> <span class='ocrx_word' id='word_1_106' title='bbox 556 1174 664 1203; x_wconf 85' lang='lat' dir='ltr'>sexto</span> <span class='ocrx_word' id='word_1_107' title='bbox 682 1167 723 1203; x_wconf 85' lang='lat' dir='ltr'>de</span> <span class='ocrx_word' id='word_1_108' title='bbox 739 1167 844 1203; x_wconf 74' lang='lat' dir='ltr'>rebus</span> <span class='ocrx_word' id='word_1_109' title='bbox 858 1167 997 1203; x_wconf 73' lang='lat' dir='ltr'>ecclesie</span> <span class='ocrx_word' id='word_1_110' title='bbox 1016 1179 1087 1202; x_wconf 82' lang='lat' dir='ltr'>non</span> <span class='ocrx_word' id='word_1_111' title='bbox 1107 1166 1314 1202; x_wconf 69' lang='lat' dir='ltr'>alienandis</span> <span class='ocrx_word' id='word_1_112' title='bbox 1331 1163 1436 1201; x_wconf 74' lang='lat' dir='ltr'>‘lme2</span> <span class='ocrx_word' id='word_1_113' title='bbox 1451 1165 1607 1201; x_wconf 75' lang='lat' dir='ltr'>consuli-</span> 
     </span>
    </p>
   </div>
   <div class='ocr_carea' id='block_1_6' title="bbox 65 1306 1615 2779">
    <p class='ocr_par' dir='ltr' id='par_1_6' title="bbox 66 1306 1610 1429">
     <span class='ocr_line' id='line_1_17' title="bbox 66 1306 1610 1358; baseline -0.002 -12"><span class='ocrx_word' id='word_1_114' title='bbox 66 1317 269 1346; x_wconf 79' lang='lat' dir='ltr'>F01.135b.</span> <span class='ocrx_word' id='word_1_115' title='bbox 283 1309 415 1347; x_wconf 88' lang='lat' dir='ltr'>beatus</span> <span class='ocrx_word' id='word_1_116' title='bbox 458 1309 706 1358; x_wconf 80' lang='lat' dir='ltr'>Augustinus,</span> <span class='ocrx_word' id='word_1_117' title='bbox 757 1308 982 1354; x_wconf 77' lang='lat' dir='ltr'>ieronimus,</span> <span class='ocrx_word' id='word_1_118' title='bbox 1042 1308 1236 1354; x_wconf 90' lang='lat' dir='ltr'>Isodorus,</span> <span class='ocrx_word' id='word_1_119' title='bbox 1271 1306 1288 1326; x_wconf 72' lang='lat'>&#39;¹‘</span> <span class='ocrx_word' id='word_1_120' title='bbox 1321 1307 1610 1345; x_wconf 73' lang='lat' dir='ltr'>Crisostomus3</span> 
     </span>
     <span class='ocr_line' id='line_1_18' title="bbox 230 1379 1608 1429; baseline -0.002 -12"><span class='ocrx_word' id='word_1_121' title='bbox 230 1386 268 1418; x_wconf 85' lang='lat'>15</span> <span class='ocrx_word' id='word_1_122' title='bbox 283 1381 538 1418; x_wconf 88' lang='lat' dir='ltr'>Bernhardus.</span> <span class='ocrx_word' id='word_1_123' title='bbox 600 1380 704 1417; x_wconf 87' lang='lat' dir='ltr'>Sicut</span> <span class='ocrx_word' id='word_1_124' title='bbox 723 1380 834 1429; x_wconf 88' lang='lat' dir='ltr'>igitur</span> <span class='ocrx_word' id='word_1_125' title='bbox 859 1380 952 1417; x_wconf 88' lang='lat' dir='ltr'>tales</span> <span class='ocrx_word' id='word_1_126' title='bbox 975 1380 1078 1429; x_wconf 89' lang='lat' dir='ltr'>leges</span> <span class='ocrx_word' id='word_1_127' title='bbox 1107 1386 1142 1416; x_wconf 90' lang='lat' dir='ltr'>et</span> <span class='ocrx_word' id='word_1_128' title='bbox 1164 1379 1354 1417; x_wconf 89' lang='lat' dir='ltr'>sentencie</span> <span class='ocrx_word' id='word_1_129' title='bbox 1385 1385 1608 1416; x_wconf 88' lang='lat' dir='ltr'>sanctorum</span> 
     </span>
    </p>

    <p class='ocr_par' dir='ltr' id='par_1_7' title="bbox 284 1451 1609 1501">
     <span class='ocr_line' id='line_1_19' title="bbox 284 1451 1609 1501; baseline -0.002 -13"><span class='ocrx_word' id='word_1_130' title='bbox 284 1458 371 1488; x_wconf 91' lang='lat' dir='ltr'>sunt</span> <span class='ocrx_word' id='word_1_131' title='bbox 391 1452 490 1489; x_wconf 81' lang='lat' dir='ltr'>edite</span> <span class='ocrx_word' id='word_1_132' title='bbox 510 1452 558 1488; x_wconf 88' lang='lat' dir='ltr'>ad</span> <span class='ocrx_word' id='word_1_133' title='bbox 579 1452 832 1501; x_wconf 86' lang='lat' dir='ltr'>regulandum</span> <span class='ocrx_word' id='word_1_134' title='bbox 860 1452 1062 1489; x_wconf 88' lang='lat' dir='ltr'>ecclesiam</span> <span class='ocrx_word' id='word_1_135' title='bbox 1091 1452 1142 1488; x_wconf 88' lang='lat' dir='ltr'>ita</span> <span class='ocrx_word' id='word_1_136' title='bbox 1172 1458 1259 1488; x_wconf 89' lang='lat' dir='ltr'>sunt</span> <span class='ocrx_word' id='word_1_137' title='bbox 1288 1451 1445 1488; x_wconf 86' lang='lat' dir='ltr'>ecclesie</span> <span class='ocrx_word' id='word_1_138' title='bbox 1474 1463 1609 1499; x_wconf 87' lang='lat' dir='ltr'>gener-</span> 
     </span>
    </p>

    <p class='ocr_par' dir='ltr' id='par_1_8' title="bbox 65 1517 1609 1643">
     <span class='ocr_line' id='line_1_20' title="bbox 65 1517 1609 1571; baseline -0.001 -12"><span class='ocrx_word' id='word_1_139' title='bbox 65 1517 112 1546; x_wconf 83' lang='lat'>25</span> <span class='ocrx_word' id='word_1_140' title='bbox 129 1525 160 1547; x_wconf 64' lang='lat' dir='ltr'>a·</span> <span class='ocrx_word' id='word_1_141' title='bbox 285 1523 389 1560; x_wconf 88' lang='lat' dir='ltr'>aliter</span> <span class='ocrx_word' id='word_1_142' title='bbox 407 1523 615 1567; x_wconf 87' lang='lat' dir='ltr'>edocende,</span> <span class='ocrx_word' id='word_1_143' title='bbox 638 1521 656 1542; x_wconf 74' lang='lat'>&#39;¹‘</span> <span class='ocrx_word' id='word_1_144' title='bbox 679 1523 828 1560; x_wconf 88' lang='lat' dir='ltr'>dicente</span> <span class='ocrx_word' id='word_1_145' title='bbox 849 1523 1066 1571; x_wconf 83' lang='lat' dir='ltr'>Augustino</span> <span class='ocrx_word' id='word_1_146' title='bbox 1095 1523 1133 1559; x_wconf 90' lang='lat' dir='ltr'>in</span> <span class='ocrx_word' id='word_1_147' title='bbox 1154 1522 1266 1559; x_wconf 87' lang='lat' dir='ltr'>simili</span> <span class='ocrx_word' id='word_1_148' title='bbox 1291 1534 1403 1571; x_wconf 88' lang='lat' dir='ltr'>super</span> <span class='ocrx_word' id='word_1_149' title='bbox 1433 1521 1609 1559; x_wconf 86' lang='lat' dir='ltr'>Iohanne</span> 
     </span>
     <span class='ocr_line' id='line_1_21' title="bbox 285 1593 1607 1643; baseline -0.002 -12"><span class='ocrx_word' id='word_1_150' title='bbox 285 1593 435 1631; x_wconf 87' lang='lat' dir='ltr'>Omelia</span> <span class='ocrx_word' id='word_1_151' title='bbox 472 1594 502 1630; x_wconf 66' lang='lat' dir='ltr'>ia</span> <span class='ocrx_word' id='word_1_152' title='bbox 539 1594 645 1643; x_wconf 86' lang='lat' dir='ltr'>quod</span> <span class='ocrx_word' id='word_1_153' title='bbox 692 1594 833 1630; x_wconf 86' lang='lat' dir='ltr'>animal</span> <span class='ocrx_word' id='word_1_154' title='bbox 880 1593 998 1631; x_wconf 87' lang='lat' dir='ltr'>homo</span> <span class='ocrx_word' id='word_1_155' title='bbox 1043 1606 1120 1630; x_wconf 91' lang='lat' dir='ltr'>non</span> <span class='ocrx_word' id='word_1_156' title='bbox 1159 1593 1318 1642; x_wconf 88' lang='lat' dir='ltr'>percipit</span> <span class='ocrx_word' id='word_1_157' title='bbox 1365 1593 1607 1630; x_wconf 87' lang='lat' dir='ltr'>subtilitatem</span> 
     </span>
    </p>

    <p class='ocr_par' dir='ltr' id='par_1_9' title="bbox 65 1664 1612 1998">
     <span class='ocr_line' id='line_1_22' title="bbox 66 1664 1612 1713; baseline 0 -14"><span class='ocrx_word' id='word_1_158' title='bbox 66 1669 207 1709; x_wconf 82' lang='lat' dir='ltr'>August.</span> <span class='ocrx_word' id='word_1_159' title='bbox 224 1669 256 1699; x_wconf 93' lang='lat' dir='ltr'>in</span> <span class='ocrx_word' id='word_1_160' title='bbox 287 1665 578 1702; x_wconf 90' lang='lat' dir='ltr'>conclusionum</span> <span class='ocrx_word' id='word_1_161' title='bbox 617 1665 860 1713; x_wconf 90' lang='lat' dir='ltr'>decuplicem</span> <span class='ocrx_word' id='word_1_162' title='bbox 898 1665 1083 1713; x_wconf 88' lang='lat' dir='ltr'>evangelii</span> <span class='ocrx_word' id='word_1_163' title='bbox 1121 1664 1304 1701; x_wconf 84' lang='lat' dir='ltr'>Iohannis</span> <span class='ocrx_word' id='word_1_164' title='bbox 1342 1664 1391 1700; x_wconf 85' lang='lat' dir='ltr'>In</span> <span class='ocrx_word' id='word_1_165' title='bbox 1422 1665 1612 1712; x_wconf 72' lang='lat' dir='ltr'>principio</span> 
     </span>
     <span class='ocr_line' id='line_1_23' title="bbox 65 1712 1611 1787; baseline 0 -16"><span class='ocrx_word' id='word_1_166' title='bbox 65 1712 205 1787; x_wconf 46' lang='grc' dir='ltr'>’13ξὲξῖ</span> <span class='ocrx_word' id='word_1_167' title='bbox 206 1736 213 1742; x_wconf 84' lang='grc'><strong>”</strong></span> <span class='ocrx_word' id='word_1_168' title='bbox 282 1740 365 1771; x_wconf 80' lang='lat' dir='ltr'>eral</span> <span class='ocrx_word' id='word_1_169' title='bbox 382 1736 527 1772; x_wconf 79' lang='lat' dir='ltr'>verbum</span> <span class='ocrx_word' id='word_1_170' title='bbox 542 1749 555 1772; x_wconf 89' lang='lat'>.·</span> <span class='ocrx_word' id='word_1_171' title='bbox 588 1735 695 1781; x_wconf 77' lang='lat' dir='ltr'>Quid,</span> <span class='ocrx_word' id='word_1_172' title='bbox 718 1736 849 1785; x_wconf 89' lang='lat' dir='ltr'>inquit,</span> <span class='ocrx_word' id='word_1_173' title='bbox 855 1737 1022 1785; x_wconf 75' lang='lat' dir='ltr'>fratres,</span> <span class='ocrx_word' id='word_1_174' title='bbox 1043 1736 1228 1772; x_wconf 71' lang='lat' dir='ltr'>silebimus</span> <span class='ocrx_word' id='word_1_175' title='bbox 1246 1735 1331 1771; x_wconf 73' lang='lat' dir='ltr'>huic</span> <span class='ocrx_word' id='word_1_176' title='bbox 1344 1737 1365 1771; x_wconf 64' lang='lat' dir='ltr'><em>P</em></span> <span class='ocrx_word' id='word_1_177' title='bbox 1391 1748 1505 1783; x_wconf 75' lang='lat' dir='ltr'>quare</span> <span class='ocrx_word' id='word_1_178' title='bbox 1524 1737 1611 1784; x_wconf 71' lang='lat' dir='ltr'>ergo</span> 
     </span>
     <span class='ocr_line' id='line_1_24' title="bbox 68 1799 1612 1855; baseline 0 -12"><span class='ocrx_word' id='word_1_179' title='bbox 68 1810 95 1830; x_wconf 93' lang='lat' dir='ltr'>c.</span> <span class='ocrx_word' id='word_1_180' title='bbox 113 1799 134 1829; x_wconf 71' lang='lat' dir='ltr'>i·</span> <span class='ocrx_word' id='word_1_181' title='bbox 154 1808 181 1830; x_wconf 86' lang='lat'>¹·</span> <span class='ocrx_word' id='word_1_182' title='bbox 285 1807 432 1855; x_wconf 75' lang='lat' dir='ltr'>legitur,</span> <span class='ocrx_word' id='word_1_183' title='bbox 454 1808 491 1843; x_wconf 84' lang='lat' dir='ltr'>sz&#39;</span> <span class='ocrx_word' id='word_1_184' title='bbox 514 1807 679 1843; x_wconf 72' lang='lat' dir='ltr'>silebitur</span> <span class='ocrx_word' id='word_1_185' title='bbox 690 1809 711 1843; x_wconf 62' lang='grc' dir='ltr'>,ν’</span> <span class='ocrx_word' id='word_1_186' title='bbox 766 1807 849 1842; x_wconf 81' lang='lat' dir='ltr'>Aul</span> <span class='ocrx_word' id='word_1_187' title='bbox 874 1819 988 1854; x_wconf 78' lang='lat' dir='ltr'>quare</span> <span class='ocrx_word' id='word_1_188' title='bbox 1017 1807 1181 1852; x_wconf 78' lang='lat' dir='ltr'>audilur,</span> <span class='ocrx_word' id='word_1_189' title='bbox 1209 1807 1247 1842; x_wconf 87' lang='lat' dir='ltr'>si</span> <span class='ocrx_word' id='word_1_190' title='bbox 1271 1819 1342 1843; x_wconf 82' lang='lat' dir='ltr'>non</span> <span class='ocrx_word' id='word_1_191' title='bbox 1371 1809 1612 1855; x_wconf 55' lang='lat' dir='ltr'>est-ponatur.)</span> 
     </span>
     <span class='ocr_line' id='line_1_25' title="bbox 286 1876 1611 1926; baseline 0.001 -14"><span class='ocrx_word' id='word_1_192' title='bbox 286 1878 350 1913; x_wconf 81' lang='lat' dir='ltr'>sed</span> <span class='ocrx_word' id='word_1_193' title='bbox 376 1882 417 1913; x_wconf 85' lang='lat' dir='ltr'>ul</span> <span class='ocrx_word' id='word_1_194' title='bbox 443 1879 535 1926; x_wconf 79' lang='lat' dir='ltr'>quid</span> <span class='ocrx_word' id='word_1_195' title='bbox 559 1879 768 1926; x_wconf 73' lang='lat' dir='ltr'>exponitur,</span> <span class='ocrx_word' id='word_1_196' title='bbox 789 1879 827 1914; x_wconf 83' lang='lat' dir='ltr'>si</span> <span class='ocrx_word' id='word_1_197' title='bbox 855 1891 925 1914; x_wconf 84' lang='lat' dir='ltr'>non</span> <span class='ocrx_word' id='word_1_198' title='bbox 954 1878 1206 1926; x_wconf 65' lang='lat' dir='ltr'>znlellzgrilnr?</span> <span class='ocrx_word' id='word_1_199' title='bbox 1262 1876 1352 1914; x_wconf 89' lang='lat' dir='ltr'>Non</span> <span class='ocrx_word' id='word_1_200' title='bbox 1385 1885 1470 1914; x_wconf 88' lang='lat' dir='ltr'>sunt</span> <span class='ocrx_word' id='word_1_201' title='bbox 1500 1878 1611 1926; x_wconf 90' lang='lat' dir='ltr'>igitur</span> 
     </span>
     <span class='ocr_line' id='line_1_26' title="bbox 287 1947 1611 1998; baseline 0.001 -14"><span class='ocrx_word' id='word_1_202' title='bbox 287 1947 489 1985; x_wconf 86' lang='lat' dir='ltr'>fraudandi</span> <span class='ocrx_word' id='word_1_203' title='bbox 521 1961 681 1998; x_wconf 88' lang='lat' dir='ltr'>capaces</span> <span class='ocrx_word' id='word_1_204' title='bbox 712 1955 868 1998; x_wconf 87' lang='lat' dir='ltr'>propter</span> <span class='ocrx_word' id='word_1_205' title='bbox 894 1948 1190 1997; x_wconf 82' lang='lat' dir='ltr'>incapacitatem</span> <span class='ocrx_word' id='word_1_206' title='bbox 1221 1960 1352 1985; x_wconf 91' lang='lat' dir='ltr'>eorum</span> <span class='ocrx_word' id='word_1_207' title='bbox 1384 1949 1450 1997; x_wconf 89' lang='lat' dir='ltr'>qui</span> <span class='ocrx_word' id='word_1_208' title='bbox 1476 1961 1611 1997; x_wconf 86' lang='lat' dir='ltr'>capere</span> 
     </span>
    </p>

    <p class='ocr_par' dir='ltr' id='par_1_10' title="bbox 289 2020 1614 2069">
     <span class='ocr_line' id='line_1_27' title="bbox 289 2020 1614 2069; baseline 0 -13"><span class='ocrx_word' id='word_1_209' title='bbox 289 2032 369 2058; x_wconf 89' lang='lat' dir='ltr'>non</span> <span class='ocrx_word' id='word_1_210' title='bbox 409 2026 585 2069; x_wconf 87' lang='lat' dir='ltr'>possunt.</span> <span class='ocrx_word' id='word_1_211' title='bbox 644 2021 707 2058; x_wconf 89' lang='lat' dir='ltr'>Sic</span> <span class='ocrx_word' id='word_1_212' title='bbox 747 2028 804 2058; x_wconf 90' lang='lat' dir='ltr'>est</span> <span class='ocrx_word' id='word_1_213' title='bbox 843 2021 890 2057; x_wconf 94' lang='lat' dir='ltr'>de</span> <span class='ocrx_word' id='word_1_214' title='bbox 928 2020 1075 2069; x_wconf 85' lang='lat' dir='ltr'>legibus</span> <span class='ocrx_word' id='word_1_215' title='bbox 1122 2032 1217 2069; x_wconf 85' lang='lat' dir='ltr'>quas</span> <span class='ocrx_word' id='word_1_216' title='bbox 1264 2020 1425 2056; x_wconf 88' lang='lat' dir='ltr'>ecclesia</span> <span class='ocrx_word' id='word_1_217' title='bbox 1463 2020 1614 2056; x_wconf 88' lang='lat' dir='ltr'>ordinat</span> 
     </span>
    </p>

    <p class='ocr_par' dir='ltr' id='par_1_11' title="bbox 68 2091 1612 2212">
     <span class='ocr_line' id='line_1_28' title="bbox 68 2091 1612 2141; baseline -0.001 -13"><span class='ocrx_word' id='word_1_218' title='bbox 68 2091 111 2119; x_wconf 90' lang='lat' dir='ltr'>V.</span> <span class='ocrx_word' id='word_1_219' title='bbox 292 2091 488 2129; x_wconf 87' lang='lat' dir='ltr'>scolastice</span> <span class='ocrx_word' id='word_1_220' title='bbox 522 2092 817 2141; x_wconf 84' lang='lat' dir='ltr'>pertractandas.</span> <span class='ocrx_word' id='word_1_221' title='bbox 875 2091 989 2128; x_wconf 87' lang='lat' dir='ltr'>Unde</span> <span class='ocrx_word' id='word_1_222' title='bbox 1028 2091 1144 2129; x_wconf 90' lang='lat' dir='ltr'>credo</span> <span class='ocrx_word' id='word_1_223' title='bbox 1182 2098 1336 2140; x_wconf 90' lang='lat' dir='ltr'>propter</span> <span class='ocrx_word' id='word_1_224' title='bbox 1364 2091 1612 2139; x_wconf 83' lang='lat' dir='ltr'>irregularem</span> 
     </span>
     <span class='ocr_line' id='line_1_29' title="bbox 288 2162 1611 2212; baseline 0.001 -14"><span class='ocrx_word' id='word_1_225' title='bbox 288 2163 404 2199; x_wconf 89' lang='lat' dir='ltr'>vitam</span> <span class='ocrx_word' id='word_1_226' title='bbox 421 2162 643 2199; x_wconf 88' lang='lat' dir='ltr'>clericorum</span> <span class='ocrx_word' id='word_1_227' title='bbox 661 2163 709 2199; x_wconf 86' lang='lat' dir='ltr'>ad</span> <span class='ocrx_word' id='word_1_228' title='bbox 726 2162 946 2212; x_wconf 89' lang='lat' dir='ltr'>cupidinem</span> <span class='ocrx_word' id='word_1_229' title='bbox 968 2163 1083 2200; x_wconf 85' lang='lat' dir='ltr'>seculi</span> <span class='ocrx_word' id='word_1_230' title='bbox 1100 2174 1366 2211; x_wconf 85' lang='lat' dir='ltr'>perversorum</span> <span class='ocrx_word' id='word_1_231' title='bbox 1387 2162 1505 2199; x_wconf 87' lang='lat' dir='ltr'>sortiti</span> <span class='ocrx_word' id='word_1_232' title='bbox 1526 2169 1611 2199; x_wconf 89' lang='lat' dir='ltr'>sunt</span> 
     </span>
    </p>

    <p class='ocr_par' dir='ltr' id='par_1_12' title="bbox 286 2233 1611 2353">
     <span class='ocr_line' id='line_1_30' title="bbox 286 2233 1611 2283; baseline 0 -14"><span class='ocrx_word' id='word_1_233' title='bbox 286 2245 430 2271; x_wconf 89' lang='lat' dir='ltr'>nomen</span> <span class='ocrx_word' id='word_1_234' title='bbox 449 2234 577 2270; x_wconf 78' lang='lat' dir='ltr'>clerici</span> <span class='ocrx_word' id='word_1_235' title='bbox 591 2234 781 2279; x_wconf 80' lang='lat' dir='ltr'>seculares,</span> <span class='ocrx_word' id='word_1_236' title='bbox 803 2240 839 2271; x_wconf 88' lang='lat' dir='ltr'>et</span> <span class='ocrx_word' id='word_1_237' title='bbox 859 2234 920 2270; x_wconf 86' lang='lat' dir='ltr'>alii</span> <span class='ocrx_word' id='word_1_238' title='bbox 942 2239 1097 2283; x_wconf 86' lang='lat' dir='ltr'>propter</span> <span class='ocrx_word' id='word_1_239' title='bbox 1125 2234 1363 2270; x_wconf 86' lang='lat' dir='ltr'>sanctitatem</span> <span class='ocrx_word' id='word_1_240' title='bbox 1383 2234 1455 2270; x_wconf 89' lang='lat' dir='ltr'>vite</span> <span class='ocrx_word' id='word_1_241' title='bbox 1476 2233 1515 2269; x_wconf 91' lang='lat' dir='ltr'>in</span> <span class='ocrx_word' id='word_1_242' title='bbox 1536 2234 1611 2270; x_wconf 91' lang='lat' dir='ltr'>suis</span> 
     </span>
     <span class='ocr_line' id='line_1_31' title="bbox 286 2304 1611 2353; baseline 0 -13"><span class='ocrx_word' id='word_1_243' title='bbox 286 2304 504 2353; x_wconf 90' lang='lat' dir='ltr'>primordiis</span> <span class='ocrx_word' id='word_1_244' title='bbox 536 2304 624 2341; x_wconf 89' lang='lat' dir='ltr'>dicti</span> <span class='ocrx_word' id='word_1_245' title='bbox 649 2311 736 2341; x_wconf 87' lang='lat' dir='ltr'>sunt</span> <span class='ocrx_word' id='word_1_246' title='bbox 765 2306 1067 2342; x_wconf 86' lang='lat' dir='ltr'>antonomastice</span> <span class='ocrx_word' id='word_1_247' title='bbox 1097 2305 1265 2352; x_wconf 70' lang='lat' dir='ltr'>religiosi</span> <span class='ocrx_word' id='word_1_248' title='bbox 1289 2310 1325 2341; x_wconf 90' lang='lat' dir='ltr'>et</span> <span class='ocrx_word' id='word_1_249' title='bbox 1351 2305 1479 2340; x_wconf 80' lang='lat' dir='ltr'>clerici</span> <span class='ocrx_word' id='word_1_250' title='bbox 1502 2317 1611 2352; x_wconf 77' lang='lat' dir='ltr'>regu-</span> 
     </span>
    </p>

    <p class='ocr_par' dir='ltr' id='par_1_13' title="bbox 287 2375 1611 2424">
     <span class='ocr_line' id='line_1_32' title="bbox 287 2375 1611 2424; baseline 0 -13"><span class='ocrx_word' id='word_1_251' title='bbox 287 2376 396 2421; x_wconf 82' lang='lat' dir='ltr'>lares,</span> <span class='ocrx_word' id='word_1_252' title='bbox 431 2387 518 2412; x_wconf 91' lang='lat' dir='ltr'>cum</span> <span class='ocrx_word' id='word_1_253' title='bbox 556 2380 685 2411; x_wconf 88' lang='lat' dir='ltr'>tamen</span> <span class='ocrx_word' id='word_1_254' title='bbox 718 2375 943 2424; x_wconf 88' lang='lat' dir='ltr'>religiositas</span> <span class='ocrx_word' id='word_1_255' title='bbox 977 2375 1088 2412; x_wconf 91' lang='lat' dir='ltr'>debet</span> <span class='ocrx_word' id='word_1_256' title='bbox 1127 2381 1344 2424; x_wconf 88' lang='lat' dir='ltr'>competere</span> <span class='ocrx_word' id='word_1_257' title='bbox 1383 2376 1611 2424; x_wconf 90' lang='lat' dir='ltr'>cuicumque</span> 
     </span>
    </p>

    <p class='ocr_par' dir='ltr' id='par_1_14' title="bbox 232 2445 1613 2492">
     <span class='ocr_line' id='line_1_33' title="bbox 232 2445 1613 2492; baseline -0.002 -6"><span class='ocrx_word' id='word_1_258' title='bbox 232 2456 275 2486; x_wconf 82' lang='lat'>30</span> <span class='ocrx_word' id='word_1_259' title='bbox 288 2446 422 2484; x_wconf 86' lang='lat' dir='ltr'>clerico</span> <span class='ocrx_word' id='word_1_260' title='bbox 452 2446 574 2483; x_wconf 86' lang='lat' dir='ltr'>eciam</span> <span class='ocrx_word' id='word_1_261' title='bbox 602 2446 754 2483; x_wconf 90' lang='lat' dir='ltr'>cuilibet</span> <span class='ocrx_word' id='word_1_262' title='bbox 782 2445 982 2483; x_wconf 88' lang='lat' dir='ltr'>Cristiano.</span> <span class='ocrx_word' id='word_1_263' title='bbox 1042 2445 1145 2483; x_wconf 89' lang='lat' dir='ltr'>Olim</span> <span class='ocrx_word' id='word_1_264' title='bbox 1174 2446 1276 2483; x_wconf 90' lang='lat' dir='ltr'>enim</span> <span class='ocrx_word' id='word_1_265' title='bbox 1305 2445 1469 2492; x_wconf 85' lang='lat' dir='ltr'>fuerunt,</span> <span class='ocrx_word' id='word_1_266' title='bbox 1492 2447 1613 2483; x_wconf 76' lang='lat' dir='ltr'>sieut⁴²</span> 
     </span>
    </p>

    <p class='ocr_par' dir='ltr' id='par_1_15' title="bbox 289 2516 1612 2637">
     <span class='ocr_line' id='line_1_34' title="bbox 289 2516 1612 2566; baseline 0 -12"><span class='ocrx_word' id='word_1_267' title='bbox 289 2517 396 2554; x_wconf 89' lang='lat' dir='ltr'>multi</span> <span class='ocrx_word' id='word_1_268' title='bbox 436 2523 523 2554; x_wconf 88' lang='lat' dir='ltr'>sunt</span> <span class='ocrx_word' id='word_1_269' title='bbox 560 2516 686 2562; x_wconf 90' lang='lat' dir='ltr'>hodie,</span> <span class='ocrx_word' id='word_1_270' title='bbox 728 2517 767 2553; x_wconf 89' lang='lat' dir='ltr'>in</span> <span class='ocrx_word' id='word_1_271' title='bbox 805 2517 957 2566; x_wconf 88' lang='lat' dir='ltr'>privatis</span> <span class='ocrx_word' id='word_1_272' title='bbox 996 2517 1195 2554; x_wconf 89' lang='lat' dir='ltr'>ordinibus</span> <span class='ocrx_word' id='word_1_273' title='bbox 1234 2517 1409 2565; x_wconf 88' lang='lat' dir='ltr'>religiose</span> <span class='ocrx_word' id='word_1_274' title='bbox 1447 2529 1612 2566; x_wconf 90' lang='lat' dir='ltr'>persone</span> 
     </span>
     <span class='ocr_line' id='line_1_35' title="bbox 289 2587 1612 2637; baseline 0.001 -12"><span class='ocrx_word' id='word_1_275' title='bbox 289 2588 497 2625; x_wconf 87' lang='lat' dir='ltr'>laudabiles</span> <span class='ocrx_word' id='word_1_276' title='bbox 518 2600 592 2637; x_wconf 87' lang='lat' dir='ltr'>que</span> <span class='ocrx_word' id='word_1_277' title='bbox 613 2588 817 2624; x_wconf 86' lang='lat' dir='ltr'>observant</span> <span class='ocrx_word' id='word_1_278' title='bbox 848 2587 1082 2625; x_wconf 87' lang='lat' dir='ltr'>secularibus</span> <span class='ocrx_word' id='word_1_279' title='bbox 1110 2587 1311 2637; x_wconf 88' lang='lat' dir='ltr'>perfectius</span> <span class='ocrx_word' id='word_1_280' title='bbox 1340 2588 1465 2637; x_wconf 91' lang='lat' dir='ltr'>legem</span> <span class='ocrx_word' id='word_1_281' title='bbox 1488 2588 1612 2626; x_wconf 91' lang='lat' dir='ltr'>Cristi.</span> 
     </span>
    </p>

    <p class='ocr_par' dir='ltr' id='par_1_16' title="bbox 292 2658 1614 2708">
     <span class='ocr_line' id='line_1_36' title="bbox 292 2658 1614 2708; baseline 0.002 -14"><span class='ocrx_word' id='word_1_282' title='bbox 292 2658 413 2704; x_wconf 87' lang='lat' dir='ltr'>Quod</span> <span class='ocrx_word' id='word_1_283' title='bbox 434 2659 463 2695; x_wconf 90' lang='lat' dir='ltr'>si</span> <span class='ocrx_word' id='word_1_284' title='bbox 487 2658 597 2694; x_wconf 90' lang='lat' dir='ltr'>multi</span> <span class='ocrx_word' id='word_1_285' title='bbox 627 2670 760 2695; x_wconf 88' lang='lat' dir='ltr'>eorum</span> <span class='ocrx_word' id='word_1_286' title='bbox 789 2670 877 2695; x_wconf 90' lang='lat' dir='ltr'>cum</span> <span class='ocrx_word' id='word_1_287' title='bbox 908 2658 1069 2707; x_wconf 87' lang='lat' dir='ltr'>satrapis</span> <span class='ocrx_word' id='word_1_288' title='bbox 1099 2659 1264 2707; x_wconf 85' lang='lat' dir='ltr'>perversi</span> <span class='ocrx_word' id='word_1_289' title='bbox 1294 2666 1383 2695; x_wconf 89' lang='lat' dir='ltr'>sunt</span> <span class='ocrx_word' id='word_1_290' title='bbox 1402 2659 1614 2708; x_wconf 86' lang='lat' dir='ltr'>phariseice</span> 
     </span>
    </p>

    <p class='ocr_par' dir='ltr' id='par_1_17' title="bbox 289 2729 1615 2779">
     <span class='ocr_line' id='line_1_37' title="bbox 289 2729 1615 2779; baseline 0 -12"><span class='ocrx_word' id='word_1_291' title='bbox 289 2730 340 2767; x_wconf 88' lang='lat' dir='ltr'>ad</span> <span class='ocrx_word' id='word_1_292' title='bbox 370 2729 662 2766; x_wconf 85' lang='lat' dir='ltr'>dimittendum⁵</span> <span class='ocrx_word' id='word_1_293' title='bbox 683 2729 942 2766; x_wconf 89' lang='lat' dir='ltr'>substanciam</span> <span class='ocrx_word' id='word_1_294' title='bbox 962 2729 1092 2777; x_wconf 86' lang='lat' dir='ltr'>regule</span> <span class='ocrx_word' id='word_1_295' title='bbox 1119 2735 1155 2766; x_wconf 89' lang='lat' dir='ltr'>et</span> <span class='ocrx_word' id='word_1_296' title='bbox 1185 2730 1399 2767; x_wconf 91' lang='lat' dir='ltr'>inordinate</span> <span class='ocrx_word' id='word_1_297' title='bbox 1430 2730 1615 2779; x_wconf 88' lang='lat' dir='ltr'>sapiendo</span> 
     </span>
    </p>
   </div>
   <div class='ocr_carea' id='block_1_7' title="bbox 292 2826 1617 2918">
    <p class='ocr_par' dir='ltr' id='par_1_18' title="bbox 292 2826 1617 2918">
     <span class='ocr_line' id='line_1_38' title="bbox 335 2826 1617 2869; baseline 0.001 -10"><span class='ocrx_word' id='word_1_298' title='bbox 335 2826 345 2846; x_wconf 89' lang='lat'>¹</span> <span class='ocrx_word' id='word_1_299' title='bbox 366 2828 446 2859; x_wconf 88' lang='lat' dir='ltr'>nudi</span> <span class='ocrx_word' id='word_1_300' title='bbox 455 2832 518 2869; x_wconf 71' lang='lat' dir='ltr'>pro</span> <span class='ocrx_word' id='word_1_301' title='bbox 533 2827 628 2865; x_wconf 90' lang='lat' dir='ltr'>nude,</span> <span class='ocrx_word' id='word_1_302' title='bbox 647 2834 677 2858; x_wconf 87' lang='lat' dir='ltr'>B.</span> <span class='ocrx_word' id='word_1_303' title='bbox 774 2826 786 2844; x_wconf 82' lang='lat'><strong>²</strong></span> <span class='ocrx_word' id='word_1_304' title='bbox 808 2827 871 2858; x_wconf 86' lang='lat' dir='ltr'>hac</span> <span class='ocrx_word' id='word_1_305' title='bbox 879 2831 945 2867; x_wconf 75' lang='lat' dir='ltr'>pro</span> <span class='ocrx_word' id='word_1_306' title='bbox 960 2827 1032 2862; x_wconf 81' lang='lat' dir='ltr'>hoc,</span> <span class='ocrx_word' id='word_1_307' title='bbox 1050 2835 1085 2866; x_wconf 87' lang='lat' dir='ltr'>A,</span> <span class='ocrx_word' id='word_1_308' title='bbox 1103 2835 1133 2858; x_wconf 85' lang='lat' dir='ltr'>B.</span> <span class='ocrx_word' id='word_1_309' title='bbox 1233 2826 1245 2844; x_wconf 78' lang='lat'>³</span> <span class='ocrx_word' id='word_1_310' title='bbox 1267 2832 1298 2859; x_wconf 87' lang='lat' dir='ltr'>et</span> <span class='ocrx_word' id='word_1_311' title='bbox 1321 2833 1396 2860; x_wconf 82' lang='lat' dir='ltr'>ante</span> <span class='ocrx_word' id='word_1_312' title='bbox 1413 2828 1617 2860; x_wconf 80' lang='lat' dir='ltr'>Bernhardus</span> 
     </span>
     <span class='ocr_line' id='line_1_39' title="bbox 292 2879 1144 2918; baseline -0.002 -7"><span class='ocrx_word' id='word_1_313' title='bbox 292 2881 362 2911; x_wconf 84' lang='lat' dir='ltr'><em>add.</em></span> <span class='ocrx_word' id='word_1_314' title='bbox 383 2888 412 2911; x_wconf 83' lang='lat' dir='ltr'>B.</span> <span class='ocrx_word' id='word_1_315' title='bbox 502 2879 514 2896; x_wconf 74' lang='lat'>‘¹</span> <span class='ocrx_word' id='word_1_316' title='bbox 539 2880 629 2918; x_wconf 76' lang='lat' dir='ltr'>sieut,</span> <span class='ocrx_word' id='word_1_317' title='bbox 649 2889 709 2911; x_wconf 85' lang='lat' dir='ltr'>om.</span> <span class='ocrx_word' id='word_1_318' title='bbox 729 2887 760 2911; x_wconf 90' lang='lat' dir='ltr'>A.</span> <span class='ocrx_word' id='word_1_319' title='bbox 852 2879 863 2896; x_wconf 87' lang='lat'>⁵</span> <span class='ocrx_word' id='word_1_320' title='bbox 887 2879 1093 2917; x_wconf 89' lang='lat' dir='ltr'>mittendum,</span> <span class='ocrx_word' id='word_1_321' title='bbox 1111 2888 1144 2910; x_wconf 83' lang='lat' dir='ltr'>A.</span> 
     </span>
    </p>
   </div>
   <div class='ocr_carea' id='block_1_8' title="bbox 950 2949 962 2972">
    <p class='ocr_par' dir='ltr' id='par_1_19' title="bbox 950 2949 962 2972">
     <span class='ocr_line' id='line_1_40' title="bbox 950 2949 962 2972; baseline 0 0"><span class='ocrx_word' id='word_1_322' title='bbox 950 2949 962 2972; x_wconf 90' lang='lat'>1</span> 
     </span>
    </p>
   </div>
   <div class='ocr_carea' id='block_1_9' title="bbox 1801 273 1878 315">
    <p class='ocr_par' dir='ltr' id='par_1_20' title="bbox 1801 273 1878 315">
     <span class='ocr_line' id='line_1_41' title="bbox 1801 273 1878 315; baseline 0.013 -15"><span class='ocrx_word' id='word_1_323' title='bbox 1801 273 1878 315; x_wconf 82' lang='lat'>113</span> 
     </span>
    </p>
   </div>
   <div class='ocr_carea' id='block_1_10' title="bbox 1616 385 1885 746">
    <p class='ocr_par' dir='ltr' id='par_1_21' title="bbox 1616 385 1885 746">
     <span class='ocr_line' id='line_1_42' title="bbox 1618 385 1835 410; baseline -0.009 0"><span class='ocrx_word' id='word_1_324' title='bbox 1618 385 1695 410; x_wconf 84' lang='lat' dir='ltr'>Here</span> <span class='ocrx_word' id='word_1_325' title='bbox 1708 393 1749 409; x_wconf 85' lang='lat' dir='ltr'>we</span> <span class='ocrx_word' id='word_1_326' title='bbox 1762 390 1835 409; x_wconf 87' lang='lat' dir='ltr'>must</span> 
     </span>
     <span class='ocr_line' id='line_1_43' title="bbox 1616 417 1882 444; baseline -0.008 0"><span class='ocrx_word' id='word_1_327' title='bbox 1616 419 1707 444; x_wconf 83' lang='lat' dir='ltr'>notice</span> <span class='ocrx_word' id='word_1_328' title='bbox 1719 418 1766 443; x_wconf 87' lang='lat' dir='ltr'>the</span> <span class='ocrx_word' id='word_1_329' title='bbox 1779 417 1882 443; x_wconf 87' lang='lat' dir='ltr'>double</span> 
     </span>
     <span class='ocr_line' id='line_1_44' title="bbox 1616 452 1848 484; baseline -0.009 -6"><span class='ocrx_word' id='word_1_330' title='bbox 1616 452 1747 484; x_wconf 76' lang='lat' dir='ltr'>meaning</span> <span class='ocrx_word' id='word_1_331' title='bbox 1760 452 1791 477; x_wconf 84' lang='lat' dir='ltr'>of</span> <span class='ocrx_word' id='word_1_332' title='bbox 1800 452 1848 476; x_wconf 86' lang='lat' dir='ltr'>the</span> 
     </span>
     <span class='ocr_line' id='line_1_45' title="bbox 1616 484 1865 516; baseline -0.008 -5"><span class='ocrx_word' id='word_1_333' title='bbox 1616 486 1692 511; x_wconf 90' lang='lat' dir='ltr'>word</span> <span class='ocrx_word' id='word_1_334' title='bbox 1705 485 1821 516; x_wconf 82' lang='lat' dir='ltr'>secular,</span> <span class='ocrx_word' id='word_1_335' title='bbox 1835 484 1865 516; x_wconf 87' lang='lat'>(1)</span> 
     </span>
     <span class='ocr_line' id='line_1_46' title="bbox 1616 518 1883 551; baseline -0.011 -6"><span class='ocrx_word' id='word_1_336' title='bbox 1616 529 1647 545; x_wconf 77' lang='lat' dir='ltr'>as</span> <span class='ocrx_word' id='word_1_337' title='bbox 1661 519 1773 551; x_wconf 75' lang='lat' dir='ltr'>applied</span> <span class='ocrx_word' id='word_1_338' title='bbox 1784 524 1813 544; x_wconf 91' lang='lat' dir='ltr'>to</span> <span class='ocrx_word' id='word_1_339' title='bbox 1824 518 1883 549; x_wconf 69' lang='lat' dir='ltr'>lay-</span> 
     </span>
     <span class='ocr_line' id='line_1_47' title="bbox 1616 552 1884 584; baseline -0.007 -6"><span class='ocrx_word' id='word_1_340' title='bbox 1616 562 1679 578; x_wconf 87' lang='lat' dir='ltr'>men</span> <span class='ocrx_word' id='word_1_341' title='bbox 1694 552 1781 584; x_wconf 84' lang='lat' dir='ltr'>living</span> <span class='ocrx_word' id='word_1_342' title='bbox 1794 552 1822 577; x_wconf 90' lang='lat' dir='ltr'>in</span> <span class='ocrx_word' id='word_1_343' title='bbox 1836 552 1884 576; x_wconf 85' lang='lat' dir='ltr'>the</span> 
     </span>
     <span class='ocr_line' id='line_1_48' title="bbox 1617 585 1872 618; baseline -0.008 -6"><span class='ocrx_word' id='word_1_344' title='bbox 1617 587 1713 618; x_wconf 91' lang='lat' dir='ltr'>world,</span> <span class='ocrx_word' id='word_1_345' title='bbox 1727 585 1767 617; x_wconf 87' lang='lat' dir='ltr'>(ii)</span> <span class='ocrx_word' id='word_1_346' title='bbox 1781 594 1812 611; x_wconf 83' lang='lat' dir='ltr'>as</span> <span class='ocrx_word' id='word_1_347' title='bbox 1824 594 1872 617; x_wconf 88' lang='lat' dir='ltr'>ap-</span> 
     </span>
     <span class='ocr_line' id='line_1_49' title="bbox 1617 619 1793 652; baseline -0.006 -7"><span class='ocrx_word' id='word_1_348' title='bbox 1617 620 1692 652; x_wconf 87' lang='lat' dir='ltr'>plied</span> <span class='ocrx_word' id='word_1_349' title='bbox 1706 625 1734 645; x_wconf 86' lang='lat' dir='ltr'>to</span> <span class='ocrx_word' id='word_1_350' title='bbox 1747 619 1793 649; x_wconf 82' lang='lat' dir='ltr'>all,</span> 
     </span>
     <span class='ocr_line' id='line_1_50' title="bbox 1617 653 1847 684; baseline -0.009 -5"><span class='ocrx_word' id='word_1_351' title='bbox 1617 653 1743 679; x_wconf 86' lang='lat' dir='ltr'>whether</span> <span class='ocrx_word' id='word_1_352' title='bbox 1757 653 1804 684; x_wconf 83' lang='lat' dir='ltr'>lay</span> <span class='ocrx_word' id='word_1_353' title='bbox 1816 661 1847 677; x_wconf 90' lang='lat' dir='ltr'>or</span> 
     </span>
     <span class='ocr_line' id='line_1_51' title="bbox 1617 686 1885 717; baseline -0.011 -4"><span class='ocrx_word' id='word_1_354' title='bbox 1617 687 1708 717; x_wconf 84' lang='lat' dir='ltr'>cleric,</span> <span class='ocrx_word' id='word_1_355' title='bbox 1723 686 1811 717; x_wconf 83' lang='lat' dir='ltr'>living</span> <span class='ocrx_word' id='word_1_356' title='bbox 1823 691 1885 710; x_wconf 92' lang='lat' dir='ltr'>out-</span> 
     </span>
     <span class='ocr_line' id='line_1_52' title="bbox 1617 719 1866 746; baseline -0.008 0"><span class='ocrx_word' id='word_1_357' title='bbox 1617 721 1677 746; x_wconf 87' lang='lat' dir='ltr'>side</span> <span class='ocrx_word' id='word_1_358' title='bbox 1690 720 1738 745; x_wconf 87' lang='lat' dir='ltr'>the</span> <span class='ocrx_word' id='word_1_359' title='bbox 1751 719 1866 745; x_wconf 79' lang='lat' dir='ltr'>cloister.</span> 
     </span>
    </p>
   </div>
   <div class='ocr_carea' id='block_1_11' title="bbox 1623 2100 1893 2502">
    <p class='ocr_par' dir='ltr' id='par_1_22' title="bbox 1623 2100 1893 2502">
     <span class='ocr_line' id='line_1_53' title="bbox 1626 2100 1826 2126; baseline -0.005 0"><span class='ocrx_word' id='word_1_360' title='bbox 1626 2101 1653 2126; x_wconf 86' lang='lat' dir='ltr'>It</span> <span class='ocrx_word' id='word_1_361' title='bbox 1667 2106 1741 2126; x_wconf 83' lang='lat' dir='ltr'>must</span> <span class='ocrx_word' id='word_1_362' title='bbox 1754 2100 1826 2125; x_wconf 82' lang='lat' dir='ltr'>have</span> 
     </span>
     <span class='ocr_line' id='line_1_54' title="bbox 1624 2134 1845 2166; baseline -0.005 -7"><span class='ocrx_word' id='word_1_363' title='bbox 1624 2134 1694 2159; x_wconf 82' lang='lat' dir='ltr'>been</span> <span class='ocrx_word' id='word_1_364' title='bbox 1709 2134 1802 2166; x_wconf 87' lang='lat' dir='ltr'>owing</span> <span class='ocrx_word' id='word_1_365' title='bbox 1816 2140 1845 2159; x_wconf 87' lang='lat' dir='ltr'>to</span> 
     </span>
     <span class='ocr_line' id='line_1_55' title="bbox 1625 2167 1891 2199; baseline -0.004 -6"><span class='ocrx_word' id='word_1_366' title='bbox 1625 2168 1672 2193; x_wconf 87' lang='lat' dir='ltr'>the</span> <span class='ocrx_word' id='word_1_367' title='bbox 1686 2167 1821 2199; x_wconf 74' lang='lat' dir='ltr'>irregular</span> <span class='ocrx_word' id='word_1_368' title='bbox 1835 2167 1891 2192; x_wconf 86' lang='lat' dir='ltr'>and</span> 
     </span>
     <span class='ocr_line' id='line_1_56' title="bbox 1624 2201 1846 2233; baseline 0 -7"><span class='ocrx_word' id='word_1_369' title='bbox 1624 2202 1742 2233; x_wconf 85' lang='lat' dir='ltr'>worldly</span> <span class='ocrx_word' id='word_1_370' title='bbox 1755 2201 1801 2226; x_wconf 85' lang='lat' dir='ltr'>life</span> <span class='ocrx_word' id='word_1_371' title='bbox 1816 2201 1846 2226; x_wconf 81' lang='lat' dir='ltr'>of</span> 
     </span>
     <span class='ocr_line' id='line_1_57' title="bbox 1623 2235 1892 2266; baseline -0.007 -5"><span class='ocrx_word' id='word_1_372' title='bbox 1623 2244 1699 2261; x_wconf 85' lang='lat' dir='ltr'>some</span> <span class='ocrx_word' id='word_1_373' title='bbox 1706 2237 1732 2260; x_wconf 68' lang='lat' dir='ltr'>oi</span> <span class='ocrx_word' id='word_1_374' title='bbox 1742 2235 1789 2259; x_wconf 84' lang='lat' dir='ltr'>the</span> <span class='ocrx_word' id='word_1_375' title='bbox 1796 2235 1892 2266; x_wconf 86' lang='lat' dir='ltr'>clergy</span> 
     </span>
     <span class='ocr_line' id='line_1_58' title="bbox 1625 2269 1862 2294; baseline -0.008 0"><span class='ocrx_word' id='word_1_376' title='bbox 1625 2269 1686 2294; x_wconf 83' lang='lat' dir='ltr'>that</span> <span class='ocrx_word' id='word_1_377' title='bbox 1700 2269 1777 2293; x_wconf 86' lang='lat' dir='ltr'>these</span> <span class='ocrx_word' id='word_1_378' title='bbox 1790 2277 1862 2293; x_wconf 82' lang='lat' dir='ltr'>were</span> 
     </span>
     <span class='ocr_line' id='line_1_59' title="bbox 1624 2301 1882 2327; baseline -0.004 0"><span class='ocrx_word' id='word_1_379' title='bbox 1624 2303 1713 2327; x_wconf 86' lang='lat' dir='ltr'>called</span> <span class='ocrx_word' id='word_1_380' title='bbox 1727 2302 1841 2327; x_wconf 80' lang='lat' dir='ltr'>secular</span> <span class='ocrx_word' id='word_1_381' title='bbox 1854 2301 1882 2326; x_wconf 91' lang='lat' dir='ltr'>in</span> 
     </span>
     <span class='ocr_line' id='line_1_60' title="bbox 1624 2335 1824 2368; baseline -0.01 -7"><span class='ocrx_word' id='word_1_382' title='bbox 1624 2335 1782 2368; x_wconf 88' lang='lat' dir='ltr'>opposition</span> <span class='ocrx_word' id='word_1_383' title='bbox 1795 2340 1824 2360; x_wconf 91' lang='lat' dir='ltr'>to</span> 
     </span>
     <span class='ocr_line' id='line_1_61' title="bbox 1624 2368 1893 2394; baseline -0.004 0"><span class='ocrx_word' id='word_1_384' title='bbox 1624 2370 1703 2394; x_wconf 86' lang='lat' dir='ltr'>those</span> <span class='ocrx_word' id='word_1_385' title='bbox 1716 2369 1810 2394; x_wconf 87' lang='lat' dir='ltr'>whose</span> <span class='ocrx_word' id='word_1_386' title='bbox 1823 2368 1893 2393; x_wconf 83' lang='lat' dir='ltr'>holi-</span> 
     </span>
     <span class='ocr_line' id='line_1_62' title="bbox 1625 2402 1824 2428; baseline -0.005 -1"><span class='ocrx_word' id='word_1_387' title='bbox 1625 2411 1688 2428; x_wconf 83' lang='lat' dir='ltr'>ness</span> <span class='ocrx_word' id='word_1_388' title='bbox 1701 2411 1762 2428; x_wconf 90' lang='lat' dir='ltr'>won</span> <span class='ocrx_word' id='word_1_389' title='bbox 1776 2402 1824 2427; x_wconf 90' lang='lat' dir='ltr'>the</span> 
     </span>
     <span class='ocr_line' id='line_1_63' title="bbox 1624 2436 1892 2468; baseline -0.007 -7"><span class='ocrx_word' id='word_1_390' title='bbox 1624 2445 1705 2461; x_wconf 88' lang='lat' dir='ltr'>name</span> <span class='ocrx_word' id='word_1_391' title='bbox 1716 2436 1747 2461; x_wconf 87' lang='lat' dir='ltr'>of</span> <span class='ocrx_word' id='word_1_392' title='bbox 1756 2436 1892 2468; x_wconf 74' lang='lat' dir='ltr'>religz&#39;ous</span> 
     </span>
     <span class='ocr_line' id='line_1_64' title="bbox 1625 2470 1796 2502; baseline -0.006 -6"><span class='ocrx_word' id='word_1_393' title='bbox 1625 2479 1656 2496; x_wconf 92' lang='lat' dir='ltr'>or</span> <span class='ocrx_word' id='word_1_394' title='bbox 1669 2470 1796 2502; x_wconf 72' lang='lat' dir='ltr'>regular.</span> 
     </span>
    </p>
   </div>
  </div>
 </body>
</html>
