2051 3299
690 205 755 235 DE
789 204 981 236 OFFICIO
1015 204 1170 236 REGIS.

262 309 366 358 quod
391 309 531 346 instant
553 308 710 358 quidam
738 309 944 357 sophistice
969 321 1037 358 per
1061 309 1135 346 hoc
1156 308 1263 358 quod
1289 307 1396 345 multi
1417 314 1504 345 sunt
1526 308 1590 357 qui

260 392 339 417 non
360 380 501 417 habent
521 391 661 417 uxores
682 385 746 416 aut
766 379 864 417 filios
885 379 946 416 vel
966 379 1187 416 huiusmodi
1208 379 1456 428 parentelam.
1517 378 1593 416 Sed

261 463 339 488 non
362 450 497 487 odiunt
526 461 601 498 que
627 461 708 486 non
734 456 832 487 sunt.
888 449 994 499 Ergo
1025 461 1104 486 non
1132 454 1285 498 oportet
1312 449 1360 487 ad
1382 449 1497 487 Cristi
1518 450 1592 487 dis-

261 521 409 569 cipulos
429 520 560 557 omnia
579 519 648 557 hec
669 520 787 557 odire.
846 519 922 556 Hic
953 519 1089 557 dicitur
1116 520 1330 558 comuniter
1354 521 1460 569 quod
1487 521 1593 558 odire

230 591 447 639 5accipitur
473 602 544 639 pro
573 589 832 639 postponere¹
854 590 892 626 in
919 602 1052 627 amore
1077 590 1256 635 Cristum,
1278 603 1366 628 cum
1398 598 1435 628 et
1466 591 1593 640 legem

263 673 372 698 suam
410 666 560 709 oportet
599 660 928 709 preponderanter
967 660 1134 709 diligere.
1205 660 1266 698 Sic
1298 661 1404 709 quod
1437 661 1596 710 quilibet

262 730 409 768 habens
430 730 499 767 hec
529 737 676 780 septem
703 730 761 768 vel
783 730 926 780 aliquid
950 742 1097 777 eorum,
1120 731 1369 769 necessitatus
1389 732 1448 769 vel
1468 732 1594 781 ipsum

262 801 420 850 perdere
442 801 499 837 vel
521 801 645 849 legem
661 800 774 838 Cristi
789 801 976 846 deserere,
991 802 1125 850 pocius
1144 802 1320 850 perderet
1340 802 1463 839 eciam
1479 803 1594 839 vitam

45 880 182 911 Matt.x.
197 880 247 919 38.
261 883 382 917 suam,
403 871 494 920 quia
514 871 631 916 aliter,
653 878 694 908 ut
714 871 851 908 dicitur
872 870 1009 908 Matth.
1036 884 1094 918 10,
1114 884 1193 909 non
1214 879 1270 909 est
1292 872 1420 910 Cristo
1441 873 1581 922 dignus

210 957 249 979 10
262 942 336 979 Vel
364 948 488 990 potest
517 941 566 978 ad
599 953 753 978 sensum
778 941 971 978 misticum
996 942 1157 980 concedi
1183 942 1289 992 quod
1317 943 1443 980 omnis
1472 943 1593 981 homo

261 1012 376 1049 habet
400 1024 561 1050 uxorem
588 1018 625 1049 et
657 1012 765 1058 filios,
787 1023 876 1049 cum
906 1012 1023 1050 habet
1049 1025 1207 1050 carnem
1235 1020 1271 1050 et
1291 1025 1409 1063 opera
1429 1014 1597 1052 carnalia

261 1089 473 1132 procreata.
530 1081 599 1119 Est
632 1094 724 1132 ergo
758 1082 926 1120 intencio
961 1083 1131 1120 mandati
1165 1083 1312 1121 domini
1347 1084 1452 1133 quod
1486 1096 1597 1122 verus

263 1152 374 1191 Cristi
395 1152 602 1202 discipulus
622 1151 848 1202 postponat²
874 1159 1049 1202 respectu
1077 1154 1135 1191 sui
1159 1161 1196 1191 et
1218 1154 1276 1191 sui
1297 1156 1444 1193 consilii
1464 1156 1598 1193 omnia

261 1224 487 1273 temporalia
506 1223 546 1260 in
557 1235 700 1261 amore.
761 1223 837 1260 Sed
854 1224 1053 1273 quomodo
1070 1225 1295 1262 observatur
1308 1225 1383 1263 hoc
1400 1238 1422 1263 a
1435 1238 1597 1274 gwerra—

210 1305 248 1337 15
262 1300 343 1332 tore
365 1294 429 1343 qui
449 1299 529 1331 tam
550 1293 797 1342 corporaliter
818 1306 936 1343 quam
957 1295 1202 1342 spiritualiter
1218 1296 1358 1334 occidit
1374 1297 1543 1335 Cristum
1559 1297 1598 1334 in

262 1364 445 1402 membris
458 1364 588 1413 gracia
601 1364 757 1402 comodi
771 1365 1015 1414 temporalis?
1047 1365 1233 1404 Tercium
1250 1365 1362 1404 Cristi
1376 1367 1597 1405 consilium³

45 1444 139 1475 Matt.
158 1442 248 1475 xviii.
262 1442 318 1473 est
350 1434 439 1472 illud
475 1434 612 1472 Matth.
648 1435 749 1480 xviii,
783 1436 849 1472 ubi
888 1433 1074 1485 precipit4
1112 1436 1150 1473 in
1164 1437 1178 1457 ⁵
1216 1437 1330 1475 Petro
1369 1438 1598 1487 generaliter

46 1496 97 1562 ἐξ·
109 1540 140 1562 a.
262 1505 408 1543 cunctis
429 1504 605 1542 fidelibus
624 1517 746 1554 usque
768 1506 1031 1555 septuagesies
1052 1508 1198 1556 sepcies
1219 1508 1293 1545 hoc
1314 1515 1371 1546 est
1392 1509 1598 1558 quociens-

263 1588 415 1625 cunque
436 1576 476 1613 in
495 1576 601 1625 ipsos
621 1576 862 1624 peccaverint
882 1577 1070 1614 remittere
1091 1577 1195 1614 fratri
1210 1590 1290 1617 suo.
1349 1578 1477 1616 Nemo
1493 1580 1599 1617 enim

210 1667 250 1689 20
262 1653 398 1696 peccat
417 1646 457 1683 in
484 1646 600 1683 alium
621 1647 693 1683 nisi
713 1646 809 1684 ultra
830 1647 966 1685 decem
988 1649 1263 1697 prevaricando
1291 1650 1331 1686 in
1352 1650 1597 1699 decalogum,

264 1724 302 1755 et
340 1717 485 1766 sepcies
519 1717 699 1754 undecim
731 1718 974 1766 septuaginta
1006 1726 1153 1767 septem
1187 1720 1435 1757 constituunt.
1495 1721 1596 1759 Cum

262 1788 376 1836 igitur
410 1799 526 1825 nemo
558 1787 671 1825 debet
702 1800 891 1836 gwerrare
923 1789 994 1825 nisi
1023 1796 1182 1838 propter
1214 1791 1390 1839 gwerrati
1420 1791 1598 1829 iniuriam

263 1870 380 1908 quam
414 1858 575 1895 omnino
601 1858 714 1896 debet
745 1858 946 1904 dimittere,
980 1867 1085 1909 patet
1114 1860 1221 1910 quod
1250 1873 1367 1899 nemo
1396 1869 1600 1910 gwerraret

263 1941 353 1966 cum
373 1928 519 1978 populo
540 1928 612 1965 nisi
633 1936 788 1978 propter
808 1941 982 1967 amorem
1003 1931 1254 1969 correccionis
1275 1944 1393 1980 quem
1414 1932 1528 1970 habet
1549 1933 1599 1971 ad

1789 195 1871 250 269

1604 317 1772 350 Sophistical
1794 318 1872 350 quib·

1606 352 1651 377 ble
1665 351 1733 377 with
1747 352 1839 378 which

1608 385 1663 411 this
1677 385 1699 411 is
1713 391 1768 411 met
1782 386 1820 418 by

1608 428 1697 445 some.

1609 954 1671 980 The
1685 958 1746 979 true
1759 962 1852 980 mean-

1609 988 1658 1020 ing
1670 987 1701 1014 οἱ
1711 988 1758 1014 the
1771 992 1838 1014 text.

1611 1370 1728 1397 Christ's
1742 1370 1816 1397 third

1609 1405 1733 1431 counsel.

48 2009 94 2039 Κ.
263 1999 461 2049 populum.
533 1998 609 2036 Sed
645 1998 810 2036 formam
848 2001 1035 2049 optimam
1073 2002 1232 2038 instituit
1270 2001 1417 2040 Cristus
1455 2003 1596 2040 ibidem
1611 2009 1666 2035 But
1680 2009 1774 2036 Christ
1787 2010 1827 2036 in-

1609 2043 1727 2069 stituted
1747 2044 1794 2069 the
1815 2044 1877 2069 best

265 2069 466 2115 mandans,
489 2069 594 2118 quod
624 2069 654 2106 si
688 2069 823 2119 aliquis
857 2069 969 2108 frater
998 2078 1085 2109 tuus
1114 2071 1153 2108 in
1180 2077 1217 2109 te
1243 2073 1456 2121 peccaverit
1485 2073 1598 2111 debet
1611 2077 1725 2102 method
1739 2077 1858 2115 qfallin

267 2140 480 2178 secundum
501 2147 577 2177 tres
603 2140 746 2188 gradus
773 2140 899 2189 primo
920 2141 1070 2190 corripi,
1092 2149 1128 2179 et
1149 2143 1404 2191 postmodum
1434 2156 1596 2182 manens

1610 2110 1697 2138 Matt.
1711 2111 1788 2138 xvxii.
1803 2120 1842 2143 15.

266 2211 534 2260 incorrigibilis
575 2212 689 2248 debet
733 2211 828 2248 sicut
868 2211 1045 2250 ethnicus
1075 2213 1134 2249 vel
1163 2213 1392 2262 publicanus
1421 2214 1596 2252 incomu-
1609 2221 1700 2247 There
1714 2220 1737 2246 is
1750 2229 1786 2246 no
1799 2230 1844 2247 ex-

1609 2263 1674 2280 cuse
1689 2255 1755 2281 then
1769 2255 1812 2281 for

267 2281 444 2319 nicabilis
475 2281 670 2330 dereliqui.
738 2280 845 2318 Num
874 2282 966 2331 quid
997 2282 1036 2319 in
1066 2283 1195 2331 aliquo
1224 2283 1385 2320 istorum
1415 2290 1594 2333 quattuor
1607 2297 1674 2315 war.

214 2365 256 2396 30
268 2359 323 2390 est
343 2352 466 2389 fratris
487 2352 697 2389 debellacio
727 2352 803 2389 sive
828 2352 997 2390 occisio?
1054 2352 1258 2402 Numquid
1281 2353 1344 2390 illa
1371 2354 1598 2392 vindicativa

268 2423 440 2460 ostensio
474 2423 574 2472 que⁶
604 2422 737 2459 dicitur
763 2422 922 2460 ecclesie
953 2422 1158 2468 invadenti,
1180 2435 1312 2460 verum
1337 2423 1427 2460 dicit
1447 2423 1495 2461 de
1515 2436 1599 2461 cor-

268 2492 448 2542 repcione
479 2493 648 2541 legitima
687 2492 887 2530 cuiuslibet
925 2505 1000 2542 qua
1038 2492 1207 2530 invadit?
1265 2493 1465 2543 Numquid
1504 2494 1602 2532 foret

268 2562 481 2611 legitimum
496 2563 547 2600 sic
562 2563 739 2600 invadere
760 2562 968 2612 quemlibet
983 2563 996 2583 ⁷
1017 2563 1213 2600 ethnicum
1235 2570 1299 2601 aut
1323 2563 1599 2612 publicanum?

269 2631 363 2671 Non
388 2645 482 2681 ergo
506 2639 562 2670 est
585 2633 757 2670 remissio
777 2645 865 2670 vera
891 2639 927 2670 et
957 2633 1150 2682 completa
1173 2633 1308 2671 iniurie
1332 2634 1380 2671 ad
1408 2646 1525 2683 quam
1548 2636 1601 2673 ita

312 2746 324 2763 ¹
341 2756 461 2787 ponere
470 2750 533 2787 pro
546 2750 750 2787 postponere,
767 2754 800 2777 A.
856 2744 867 2761 ²
883 2749 1113 2787 postponatur,
1127 2754 1160 2777 A.
1219 2746 1230 2763 ³
1247 2747 1374 2785 consili,
1390 2756 1425 2780 A.
1470 2747 1482 2765 4
1500 2749 1601 2788 preci-

269 2797 365 2839 1itur,
385 2805 418 2828 A.
488 2797 499 2814 ⁵
523 2797 566 2835 in,
583 2808 643 2828 om.
662 2805 693 2828 B.
763 2796 774 2813 ὓ
796 2808 859 2838 qua
868 2802 932 2838 pro
948 2808 1019 2838 que,
1040 2805 1068 2828 B.
1138 2796 1149 2814 ⁷
1174 2808 1269 2839 quem
1280 2804 1344 2839 pro
1361 2799 1550 2840 quemlibet,
1595 2824 1603 2832 .
