2051 3299
713 198 778 229 DE
812 197 1006 230 orriolo
1040 196 1195 228 REGIS.
1786 192 1868 238 259

262 312 319 344 est
350 306 529 343 iuvenum
561 304 853 342 consulencium
884 304 1110 352 episcopum
1140 301 1341 339 dominum
1370 308 1407 339 et
1436 301 1590 339 divitem

264 377 355 422 fieri,
376 375 675 425 hospitalitatem
695 381 733 412 et
752 374 931 411 timorem
961 385 1041 411 non
1062 372 1215 419 habere,
1237 385 1317 410 non
1347 372 1591 410 attendentes

47 456 141 488 Luke
156 455 212 487 xii.
265 447 372 498 quod
393 447 574 484 dominus
604 445 717 483 dicit:
749 444 800 483 Si
828 445 961 494 ceperit
987 445 1215 493 dispensator
1236 445 1376 480 dicere:
1404 443 1593 480 Dominus

46 509 99 541 4⁵·
264 531 362 555 meus
390 530 531 555 moram
545 517 656 567 facit
665 529 683 560 ,·
714 521 748 553 et
773 516 906 565 ceperit
930 515 1116 564 castigare
1136 520 1272 562 pueros
1299 527 1344 550 ac
1373 514 1542 560 ancillas,
1563 518 1597 550 et

232 606 250 639 5
265 589 488 626 manducare
515 601 559 625 ac
587 588 703 625 bibere
745 599 825 623 cum
867 587 979 624 ebriis
990 599 1010 629 ,·
1045 586 1163 622 veniet
1189 586 1315 622 etenim
1345 585 1522 630 dominus,
1553 585 1594 621 in

266 660 323 696 die
350 672 425 708 qua
454 660 573 704 nescit,
594 662 627 695 et
643 659 737 695 hora
757 670 830 706 qua
850 658 1010 706 ignorat,
1030 660 1064 693 et
1085 656 1224 693 dividet
1239 668 1330 692 eum.
1387 655 1486 692 Item
1513 667 1594 692 non

50 742 63 764 1
85 734 155 765 Pet.
170 743 201 765 v.
221 741 251 773 3-
265 730 505 768 attendentes
535 729 641 779 quod
670 728 839 778 precepit
869 728 1015 773 Petrus,
1037 739 1109 764 non
1137 727 1374 771 dominantes,
1396 725 1464 763 sed
1485 725 1597 775 quasi

50 780 172 851 ?⁸Tim.
186 819 228 851 vi.
265 801 531 851 episcopatum
551 806 736 837 tenentes.
793 799 892 837 Item
913 798 1064 844 Paulus,
1084 797 1279 835 lVovitates
1304 809 1430 834 vocam
1464 798 1597 842 devita,

50 872 161 937 thm
189 905 214 937 ii
262 876 445 921 generant
473 872 567 908 enim
606 871 697 916 lites,
731 875 768 907 et
802 881 928 907 sermo
959 881 1096 907 eorum
1130 869 1239 918 quasi
1273 880 1432 917 serpens
1471 868 1597 917 serpit.

51 959 101 989 23·
120 992 125 998 ⁸
193 991 199 998 ⁸
265 942 451 992 Episcopi
471 942 575 980 enim
595 954 676 979 non
697 940 901 978 attendunt
931 940 980 977 ad
1001 939 1216 977 doctrinam
1236 951 1353 989 quam
1367 937 1379 957 ¹
1400 938 1599 988 apostolus

51 993 173 1075 {glm‘
191 1001 212 1023 ¹⁸
267 1013 399 1051 docuit
437 1012 665 1062 episcopum
698 1011 993 1057 Thimotheum,
1034 1010 1198 1048 formam
1239 1010 1380 1048 habere
1421 1021 1600 1047 sanorum

49 1082 95 1111 53
113 1089 143 1111 fl·-
268 1085 460 1122 verborum
489 1096 556 1132 que
588 1096 612 1120 a
646 1095 699 1120 me
728 1083 871 1120 audisti
896 1082 930 1128 *,
963 1081 1030 1119 sed
1063 1093 1185 1119 novas
1219 1081 1324 1131 leges
1355 1093 1530 1119 cesareas
1564 1086 1601 1118 et

270 1155 540 1204 episcoporum
569 1154 861 1192 dominancium
891 1153 1104 1199 attendunt,
1125 1159 1163 1191 et
1192 1152 1393 1202 quomodo
1422 1151 1601 1190 accucius

270 1226 513 1264 anathemate
553 1225 687 1263 ferient
699 1222 723 1271 ²,
759 1224 868 1274 quasi
904 1230 1101 1273 serpentes
1115 1224 1139 1270 ³,
1175 1224 1373 1262 dicentes4
1406 1223 1602 1273 implicite,

218 1281 456 1347 15tanquam
488 1296 679 1343 Roboam,
716 1296 823 1346 quod
855 1296 1036 1333 minimus
1066 1294 1233 1344 digitus⁵
1262 1307 1397 1332 eorum
1437 1293 1604 1344 prevalet

272 1369 387 1406 dorso
419 1367 637 1406 Salomonis
667 1367 798 1405 nostri.
855 1366 945 1416 Ipse
975 1366 1113 1404 cecidit
1141 1366 1314 1404 subditos
1343 1365 1515 1415 flagellis,
1538 1364 1606 1403 sed

270 1440 352 1477 eius
372 1439 500 1477 vicarii
522 1437 742 1476 Roboanite
766 1437 905 1475 cedent
933 1449 1001 1475 eos
1031 1437 1313 1487 scorpionibus,
1333 1444 1375 1475 ut
1403 1443 1560 1475 notatur
1582 1448 1603 1484 3

58 1519 191 1560 1Kings
204 1518 258 1549 xii.
274 1509 428 1559 Regum
472 1522 530 1547 12.
606 1507 715 1546 Mille
753 1508 984 1546 tradiciones
1012 1507 1218 1546 blasfemas
1247 1508 1429 1545 simulant
1467 1508 1606 1558 quibus

58 1573 107 1603 ¹4·
277 1592 392 1629 super
412 1580 542 1617 Iesum
569 1586 746 1616 nostrum
775 1578 959 1628 implicite
989 1591 1028 1616 se
1057 1579 1256 1616 extollunt.
1315 1578 1482 1629 Oportet
1511 1590 1605 1628 ergo
1622 1586 1677 1612 For
1693 1585 1741 1612 the
1758 1584 1887 1618 pacifica-

1620 1620 1679 1646 tion
1692 1620 1724 1646 of
1739 1620 1787 1645 the

223 1663 261 1685 20
276 1650 491 1688 secundum
511 1649 627 1686 fidem
649 1650 830 1698 scripture
851 1655 888 1686 et
908 1656 1065 1687 sanctos
1095 1650 1273 1687 doctores
1303 1650 1410 1699 quod
1434 1649 1484 1687 ad
1504 1648 1607 1699 paci-
1620 1652 1888 1720 ξὲἓὲεᾶἰῇξίῗᾶιὸὓ

275 1720 472 1759 ficandum
511 1720 714 1758 ecclesiam
753 1719 986 1769 deprimatur
1014 1720 1085 1757 ista
1122 1720 1376 1769 pseudocristi
1415 1720 1608 1769 superbia,
1621 1720 1803 1781 {lxeijgginust
1815 1720 1851 1745 be

275 1804 365 1830 cum
385 1792 514 1829 iniciat
544 1803 661 1829 omne
692 1790 838 1828 malum
869 1791 1028 1828 ecclesie
1063 1792 1250 1828 cristiane.
1309 1791 1424 1828 Unde
1456 1790 1610 1828 Veritas

57 1865 157 1896 Matt.
175 1863 261 1895 xxiv.
277 1862 416 1900 Matth.
459 1869 528 1909 240
569 1862 774 1911 predicens
812 1862 1107 1899 tribulacionem
1146 1862 1313 1899 futuram
1356 1861 1517 1899 ecclesie
1555 1861 1609 1898 sic

59 1918 87 1949 δ’
277 1934 441 1972 orditur:
476 1932 604 1970 Multi
627 1934 770 1970 venient
796 1934 834 1969 in
865 1934 1007 1970 nomine
1035 1946 1108 1970 meo
1138 1934 1291 1970 dicentes
1319 1935 1408 1982 quia
1436 1946 1501 1982 ego
1528 1945 1610 1970 sum

225 2013 262 2043 25
282 2004 432 2042 Cristas
445 2018 464 2048 ,·
493 2008 527 2040 et
544 2005 674 2040 multos
701 2004 876 2041 seducent.
934 2003 983 2041 Et
1003 2010 1115 2042 vocat
1141 2016 1209 2041 eos
1228 2005 1420 2053 posterius
1440 2003 1609 2053 pseudo-

280 2075 480 2114 cristianos
493 2073 518 2112 ⁶.
594 2074 677 2112 Nec
712 2081 770 2112 est
802 2074 911 2112 facile
943 2074 1089 2124 fingere
1122 2075 1193 2112 hos
1232 2074 1611 2124 pseudochristianos

280 2146 345 2196 qui
384 2146 543 2183 veniunt
580 2146 619 2182 in
657 2146 814 2183 nomine
853 2145 965 2183 Cristi
1004 2152 1041 2183 et
1081 2146 1271 2183 seducunt
1309 2145 1498 2195 populum
1537 2145 1611 2182 nisi

281 2217 499 2266 prepositos
529 2217 568 2254 in
600 2216 702 2254 clero
733 2217 972 2254 mencientes
1001 2228 1041 2254 se
1070 2216 1211 2254 habere
1243 2229 1265 2254 a
1286 2216 1413 2254 Cristo
1443 2215 1491 2253 ad
1521 2215 1611 2253 faci-

281 2288 426 2325 endum
466 2288 650 2337 quicquid
697 2287 856 2325 fecerint
902 2288 962 2325 vel
1009 2287 1322 2325 blasfemaverint
1369 2292 1611 2337 potestatem.

64 2357 104 2387 Τ·
284 2359 546 2396 Confirmatur
584 2371 632 2396 ex
674 2360 830 2396 racione
878 2358 966 2396 fidei
1004 2370 1081 2408 qua
1118 2359 1313 2397 credimus
1361 2358 1470 2408 quod
1517 2358 1613 2396 deus
1627 2367 1720 2394 Christ
1734 2367 1877 2427 assignpql

283 2429 473 2468 ordinavit
504 2428 701 2466 modicam
735 2440 958 2466 mensuram
993 2429 1112 2466 civilis
1147 2429 1306 2466 dominii
1345 2440 1464 2478 quam
1494 2428 1614 2466 voluit
1626 2403 1866 2494 Ξῖέἓὲῗέἒέἀὲιῖ

1724 2479 1736 2494 Γ
1826 2488 1832 2501 5

284 2501 400 2538 servis
439 2500 544 2537 suis⁷
579 2499 831 2546 inferioribus,
862 2506 903 2537 ut
938 2500 1104 2537 dominis
1136 2500 1383 2547 secularibus,
1412 2499 1612 2549 dispertiri,
1627 2502 1895 2568 Tiilfgogfssssssfiffirff

283 2577 365 2609 toto
386 2571 488 2609 clero
508 2582 578 2608 suo
609 2570 758 2607 vivente
789 2571 1087 2620 exproprietarie
1119 2571 1236 2608 instar
1257 2570 1372 2608 Cristi
1402 2577 1438 2608 et
1459 2576 1614 2620 aposto·
1627 2569 1781 2602 suppfflted
1798 2569 1837 2602 by

0 2264 1 2274 l

1 2314 2 2323 η

0 2354 2 2391 l

0 2395 3 2425 l

1 2493 3 2513 Ξ

0 2520 4 2530 l

0 2534 5 2546 x

326 2681 338 2699 ¹
362 2692 437 2723 qua,
454 2690 489 2713 A.
601 2681 613 2698 ²
634 2681 775 2718 ferirent,
791 2689 825 2712 A.
947 2681 959 2699 ³
983 2691 1123 2723 serpens,
1142 2690 1171 2712 Β.
1292 2682 1305 2699 ⁴³
1328 2681 1536 2714 dominantes
1552 2686 1617 2723 pro

284 2733 437 2771 dicentes,
457 2741 491 2764 A.
617 2732 629 2751 ⁵
652 2737 700 2764 est
717 2737 792 2774 post
813 2732 934 2774 digitus
950 2733 1023 2764 add.
1041 2742 1076 2765 A.
1214 2732 1226 2749 ⁶
1256 2734 1378 2765 Verba:
1403 2734 1436 2764 N
1439 2744 1475 2765 ec
1491 2737 1539 2765 est
1557 2757 1564 2763 .
1582 2757 1589 2764 .
1608 2757 1615 2765 .

284 2785 616 2827 pseudochristianos,
632 2796 693 2817 om.
712 2793 746 2818 A.
835 2784 847 2801 ⁷
871 2786 947 2823 suis,
964 2796 1025 2817 om.
1044 2794 1078 2818 A.

924 2854 986 2879 82
