2051 3299
680 212 744 244 DE
778 211 972 244 OFFICIO
1005 211 1160 243 REGIS.

1777 209 1850 252 151

262 317 452 355 dormiunt
468 317 564 353 inter
584 317 734 355 medios
754 319 876 355 cleros
896 318 1052 367 quando
1068 330 1146 355 non
1162 323 1351 354 terrenam
1367 316 1585 354 felicitatem
1595 329 1655 355 The
1674 329 1782 362 ‘sleep'
1803 329 1825 355 is

261 394 427 436 querunt
460 388 636 425 ardenter
669 389 736 426 sed
768 394 969 438 expectant
1003 389 1116 426 aliam
1156 388 1360 438 pacienter.
1416 387 1466 424 Et
1505 388 1580 436 sig-

43 461 394 496 F01.146a.nanter
441 459 575 496 dicitur
615 458 632 477 *
674 460 780 508 quod
827 460 1019 497 dormiunt
1066 459 1155 508 quia
1202 459 1268 508 qui
1307 460 1471 496 serviunt
1509 459 1581 496 deo

260 529 441 566 serviliter
461 536 615 578 propter
635 529 850 567 felicitatem
871 536 1061 567 terrenam
1077 530 1226 566 ablatus
1246 536 1303 567 est
1323 542 1508 578 sompnus
1532 531 1581 567 ab

227 600 311 641 5eis
348 606 385 636 et
423 600 541 636 instar
585 599 679 637 Iude
718 612 797 637 non
840 600 1047 637 dormiunt.
1105 600 1440 637 Infiammantibus
1478 600 1581 640 enim

258 670 525 718 cupiditatibus
555 670 684 718 agitati
710 671 748 706 in
775 671 924 719 flagicia
948 676 984 708 et
1013 671 1183 713 facinora
1211 671 1486 720 propelluntur,
1509 683 1579 709 nec

256 741 416 778 omnino
448 741 649 789 quiescunt
679 741 931 779 desiderando
952 748 992 779 ut
1012 743 1217 791 adquirant
1236 749 1273 779 et
1293 743 1503 780 metuendo
1530 755 1576 779 ex

256 811 330 848 alio
365 811 479 848 latere
511 823 560 848 ne
599 812 783 854 amittant.
840 812 955 849 Unde
994 812 1063 850 hec
1098 812 1283 850 dormicio
1317 813 1450 850 mortis
1481 813 1578 850 foret

256 881 468 919 felicissima
488 894 510 918 a
529 888 767 919 terrenorum
797 883 1012 932 cupiditate,
1033 883 1189 932 ligando
1219 896 1353 921 sensus
1384 884 1577 933 quiescere

205 972 244 994 10
256 960 293 989 et
321 952 361 988 in
391 964 457 1000 spe
486 953 679 1001 pacienter
709 953 758 990 ad
790 954 1041 991 hereditatem
1073 954 1194 1003 patrie
1226 954 1404 1003 aspirare.
1462 953 1578 991 Tales

255 1023 358 1060 enim
387 1024 516 1061 volant
547 1036 636 1061 cum
670 1024 827 1062 domino
851 1025 890 1061 in
911 1025 1012 1061 finali
1042 1024 1194 1061 iudicio.
1252 1024 1355 1062 Nam
1389 1025 1579 1061 secundus

40 1119 54 1140 Ι
75 1110 151 1141 Cor,
166 1121 217 1141 xv.
254 1094 382 1131 Adam
401 1094 448 1131 de
469 1094 552 1131 celo
576 1095 735 1141 celestis,
756 1101 798 1132 ut
828 1095 917 1132 dicit
937 1096 1132 1144 apostolus
1151 1097 1183 1132 ia
1204 1095 1292 1133 Cor.
1320 1104 1378 1143 15,
1399 1096 1580 1133 discernit

41 1163 90 1184 22.

38 1196 113 1238 Eph
134 1197 166 1228 iv
191 1206 226 1227 ΙΙ
253 1164 463 1213 spirituales
483 1177 593 1213 reges
620 1177 733 1214 super
763 1178 902 1215 corpus
931 1166 1100 1212 ecclesie,
1123 1179 1211 1204 cum
1231 1166 1330 1216 Eph.
1350 1167 1412 1204 iiii.
1434 1167 1579 1204 dicitur.

252 1234 309 1271 Et
357 1236 430 1283 zjbse
480 1236 578 1272 dedit
625 1237 798 1284 quosdam
848 1238 990 1285 quidem
1039 1238 1227 1286 apostolos,
1271 1238 1444 1286 quosdam
1496 1250 1580 1274 vero

201 1306 454 1356 15pr0phetas,
505 1307 678 1354 quosdam
737 1312 853 1344 autem
912 1309 1178 1357 ewangelista&
1228 1309 1401 1357 quosdam
1460 1312 1577 1344 autem

243 1380 413 1424 pastores
432 1381 466 1413 et
482 1378 640 1413 doctores
661 1379 698 1413 in
720 1385 808 1426 opus
831 1379 1035 1424 minszterii,
1057 1380 1095 1415 in
1121 1379 1387 1428 edificacionem
1414 1380 1579 1427 corpori&

255 1446 384 1485 Cristi.
460 1447 529 1485 Isti
568 1449 671 1485 enim
711 1455 798 1485 sunt
842 1449 993 1486 discreti
1031 1462 1054 1486 a
1091 1462 1253 1487 numero
1300 1450 1575 1499 prescitorum;

252 1518 404 1566 spiritus
434 1526 561 1556 autem
590 1519 761 1556 dividens
784 1520 856 1557 hec
878 1520 981 1557 dona
1002 1520 1116 1557 Cristi
1140 1521 1328 1558 officiariis
1357 1522 1462 1570 ipsos
1482 1521 1574 1558 albi-

35 1593 86 1625 Ps.
105 1593 127 1624 1.
143 1604 173 1634 9.
250 1589 337 1626 ficat
355 1596 464 1638 super
483 1591 612 1636 nivem,
634 1596 674 1627 ut
694 1591 827 1628 dicitur
849 1591 1000 1640 psalmo
1023 1601 1085 1639 50.
1140 1591 1190 1628 Et
1210 1598 1317 1629 notat
1336 1591 1577 1641 Augustinus

251 1660 449 1709 quomodo
481 1660 566 1697 nive
598 1660 877 1698 dealbabuntur
904 1661 944 1697 in
976 1661 1144 1706 Selmon,
1172 1663 1278 1710 quod
1309 1662 1577 1712 interpretatur

199 1746 238 1768 20
250 1732 397 1776 umbra,
419 1731 508 1780 quia
527 1744 607 1769 non
628 1732 682 1769 sic
702 1732 845 1769 meritis
865 1739 929 1769 aut
948 1732 1083 1769 virtute
1103 1733 1365 1770 discernuntur
1385 1734 1538 1783 propria
1550 1732 1575 1780 ¹,

38 1815 50 1837 1
68 1807 143 1838 Cor.
154 1807 196 1839 iv.
208 1813 237 1848 7.
249 1814 338 1839 cum
357 1802 389 1838 ja
405 1802 492 1840 Cor.
512 1815 533 1848 4
556 1802 690 1840 dicitur
723 1802 824 1848 Quid
840 1803 947 1840 babes
966 1804 1064 1851 quod
1078 1817 1149 1840 non
1169 1806 1370 1853 accepisti?
1425 1804 1487 1841 Ab
1516 1816 1575 1849 eo,

1594 364 1641 388 the
1655 369 1710 389 rest
1727 364 1796 389 from
1810 364 1857 389 the

1594 396 1683 422 desire
1696 397 1739 423 for
1747 397 1863 430 earthly·

1592 430 1752 463 happiness.

35 1877 79 1910 Is.
96 1880 118 1910 i.
138 1879 188 1910 18.
249 1873 382 1922 inquit,
402 1874 596 1922 accipiunt
627 1874 691 1923 qui
713 1873 821 1911 Iesai.
856 1881 896 1910 10
917 1875 1009 1912 dicit
1039 1874 1089 1912 Si
1098 1875 1256 1924 suerint
1273 1880 1425 1924 peccata
1453 1879 1648 1913 vestra-The
1667 1880 1776 1907 ‘snow’
1795 1881 1819 1907 is

1585 1913 1632 1939 the
1642 1914 1818 1946 purification

249 1948 292 1981 ut
308 1946 504 1981 coccinz'um
525 1947 636 1993 quasi
658 1946 731 1982 nix
761 1945 1034 1983 dealbabuntur.
1093 1946 1238 1984 Cristus
1267 1954 1395 1984 autem
1423 1954 1479 1984 est
1508 1947 1658 1984 nix-from
1669 1948 1720 1974 δίῃ-

250 2015 299 2052 ad
329 2027 486 2053 sensum
517 2016 710 2053 misticum
744 2017 784 2052 in
816 2017 1022 2054 abstracto.
1080 2017 1156 2054 Sed
1189 2018 1300 2055 matri
1335 2030 1401 2056 sue
1440 2019 1576 2056 dicitur

33 2081 125 2114 Luke
142 2082 162 2113 i·
184 2090 235 2122 35-
250 2085 334 2123 luce
373 2086 406 2122 i0
448 2073 575 2123 Virtus
612 2087 792 2124 altissimi
829 2089 1067 2134 obumbrabit,
1100 2088 1175 2126 hoc
1213 2096 1270 2126 est
1307 2090 1575 2127 umbraculum

249 2156 362 2194 faciet
388 2158 467 2204 tibi,
496 2158 517 2194 i.
533 2171 565 2195 e.
598 2157 886 2196 defensaculum
910 2159 959 2196 ab
985 2165 1068 2196 estu
1095 2160 1305 2197 carnalium
1325 2160 1575 2210 voluptatum.

249 2226 409 2273 Umbra,
430 2228 566 2278 inquit,
598 2227 779 2266 constat²
799 2241 847 2266 ex
877 2228 962 2267 luce
993 2236 1030 2267 et
1060 2242 1232 2279 corpore,
1261 2237 1298 2268 et
1328 2232 1380 2269 sic
1400 2231 1573 2268 Verbum

249 2310 340 2335 caro
361 2298 507 2335 factum
527 2305 583 2336 est
603 2311 650 2336 ex
671 2299 754 2336 luce
775 2312 862 2337 vera
882 2306 919 2337 et
938 2313 1101 2349 corpore
1132 2308 1330 2351 assumpto
1361 2315 1408 2340 ex
1437 2302 1572 2339 humili

31 2377 76 2406 33
95 2385 126 2407 a.
249 2367 386 2415 Maria,
399 2374 438 2406 et
459 2370 528 2406 sub
549 2369 620 2406 ista
639 2370 776 2407 umbra
795 2369 1041 2408 humanitatis
1061 2370 1174 2408 Cristi
1194 2378 1447 2421 proteguntur
1468 2372 1486 2392 *
1505 2373 1577 2422 qui-

195 2456 236 2486 30
249 2450 290 2476 se
320 2446 606 2488 recognoscunt
637 2439 829 2478 humiliter
860 2441 951 2478 nihil
981 2454 1064 2479 esse
1085 2454 1132 2479 ex
1153 2454 1235 2479 sese
1248 2442 1272 2488 ³,
1294 2443 1361 2480 sed
1381 2444 1529 2481 causari
1549 2456 1572 2481 a

248 2509 392 2547 lumine
412 2510 524 2547 velud
544 2512 733 2548 umbram.
788 2510 904 2549 Unde
925 2513 996 2549 ista
1024 2514 1161 2550 umbra
1190 2519 1247 2550 est
1273 2526 1387 2552 mons
1416 2514 1509 2560 aliis,
1530 2522 1571 2552 ut

29 2586 72 2619 Is.
88 2586 121 2618 ii.
142 2596 168 2619 2.
247 2580 385 2617 dicitur
416 2581 526 2619 Iesai.
564 2588 605 2618 20
639 2581 688 2618 In
722 2583 888 2618 verticem
924 2584 1114 2629 mondum,
1150 2589 1187 2620 et
1224 2589 1281 2621 est
1310 2584 1501 2633 parvulis⁴²
1530 2585 1569 2622 in

247 2650 373 2688 Cristo
392 2663 505 2689 mons
531 2658 703 2689 caseatus
722 2653 781 2690 -vel
810 2653 1043 2702 coagulatus,
1065 2654 1158 2693 sed⁵
1177 2655 1484 2703 proveccioribus
1512 2662 1570 2693 est

288 2745 298 2762 ¹
322 2756 416 2786 prop.
435 2746 514 2777 disc.
531 2746 597 2777 ord.
616 2746 699 2786 inv„
718 2754 748 2777 Β.
860 2745 872 2764 ²
895 2752 1034 2785 constat,
1046 2758 1107 2778 om.
1123 2756 1158 2779 A.
1270 2748 1282 2766 ³
1305 2759 1337 2780 se
1353 2754 1418 2791 pro
1438 2759 1518 2788 sese,
1537 2757 1567 2780 B.

247 2795 259 2813 4
284 2797 439 2837 parvulus
449 2803 513 2838 pro
530 2798 684 2839 parvulis,
702 2807 736 2836 A,
755 2806 785 2829 B.
876 2798 888 2816 ⁵
912 2798 963 2830 vel
978 2803 1044 2840 pro
1061 2799 1128 2839 sed,
1144 2807 1178 2830 A.
