2051 3299
694 274 758 304 DE
792 272 984 305 OFFICIO
1017 272 1171 304 REGIS.
1813 272 1890 314 125

58 389 188 420 Decret.
277 391 300 415 a
320 378 507 416 catholicis
531 379 621 415 iuste
643 379 889 428 azgfferunlur,
911 391 973 415 nec
992 379 1067 415 ideo
1085 379 1207 415 aliena
1220 378 1407 427 possidere
1426 378 1611 415 dicuntur.

56 430 263 462 Causaxxiii.

58 474 167 515 Qvii·
181 485 208 506 c·
221 484 251 515 4·
277 449 405 496 Unde,
427 456 467 486 ut
489 461 579 498 sepe
607 449 723 496 innui,
746 461 827 486 non
852 449 939 487 licet
966 449 1132 486 dominis
1159 449 1432 498 temporalibus
1453 448 1613 485 aufferre

276 519 503 569 temporalia
522 520 571 556 ab
592 519 727 566 invitis,
750 520 821 557 nisi
842 520 1042 557 dumtaxat
1069 521 1118 557 ab
1143 519 1329 557 hereticis.
1385 519 1436 556 Et
1463 519 1492 556 si
1520 531 1611 568 que-
1624 526 1888 592 ffizessceragctlgregof

274 598 378 627 ratur
406 602 482 639 qua
512 590 734 627 auctoritate
768 590 910 628 debent
941 590 1012 628 hec
1044 590 1136 636 fieri,
1170 597 1274 640 patet
1309 590 1413 640 quod
1445 590 1611 628 cultores
1625 593 1863 652 ἑζὲἰῖζξῗὲξάἑὴξὸ

244 662 461 710 5scripture
489 661 631 698 debent
652 661 800 699 docere
827 661 1008 699 dominos
1035 661 1224 699 seculares
1251 661 1299 699 de
1323 661 1458 708 heresi,
1484 668 1521 698 et
1544 662 1610 698 do-
1624 661 1729 726 {2523
1731 661 1892 720 dagfiehffffis

275 732 468 769 minorum
507 731 679 781 ipsorum
718 732 942 769 auctoritate
981 732 1124 769 debent
1167 732 1394 781 temporalia
1433 733 1482 769 ab
1521 732 1611 781 ipsis
1625 727 1829 787 ξῗιξξζξξῖξζξξξ

57 800 144 832 Ibid-
162 810 189 831 C·
207 808 237 839 3·
275 802 436 839 aufferri.
493 802 588 839 Ideo
610 802 699 839 dicit
719 802 958 852 Augustinus
988 803 1027 839 in
1047 803 1246 853 questione
1271 803 1328 839 vii.
1359 802 1611 852 ‘Quicunque
1624 795 1720 827 gomis·

276 873 477 910 donatistis
499 871 713 910 hereticis':
730 874 839 923 salse
863 887 922 910 res
941 875 1134 923 appellatis
1154 878 1296 910 vestras
1322 887 1415 922 quas
1442 887 1503 910 nec
1523 875 1613 910 iuste

267 945 487 992 possz'detz's,·
516 944 580 980 sed
594 945 790 981 secundum
811 945 904 993 leges
927 949 1151 982 terrenorum
1178 958 1307 994 regum
1333 946 1498 981 amittere
1521 946 1619 982 iussi

223 1023 264 1045 10
276 1016 371 1052 estis.
424 1015 474 1051 Et
494 1014 601 1060 infra,
624 1015 789 1063 capitulo
813 1015 948 1061 ‘Quod
968 1014 1119 1053 autem.'
1176 1016 1461 1064 Quz'dquz'dergo
1474 1018 1615 1053 nomine

276 1087 507 1123 ecclesiarum
533 1085 587 1123 et¹
603 1090 731 1134 partes
757 1087 887 1124 donati
900 1088 1146 1136 possidebant,
1170 1089 1348 1124 cristiani
1367 1088 1614 1138 Imperatores

275 1157 415 1205 legibus
452 1158 636 1205 religiosis
671 1171 751 1194 cum
787 1160 878 1207 ipsis
910 1160 1065 1196 ecclesiis
1097 1160 1152 1196 ad
1180 1159 1393 1196 calholicam
1428 1161 1612 1196 ecclesiam

273 1228 555 1278 tranfirebanl.
611 1228 660 1265 Et
683 1235 786 1277 patet
815 1230 1012 1267 sentencia
1041 1230 1141 1267 dicta
1171 1230 1342 1280 superius
1371 1231 1514 1267 xxxiiii.
1545 1243 1609 1269 ca·
1625 1243 1652 1269 It
1665 1242 1688 1269 is
1701 1243 1765 1270 thus
1783 1278 1797 1303 f
1849 1278 1866 1303 h

1625 1286 1772 1310 necessary
1794 1284 1847 1304 ort
1870 1287 1885 1304 e

274 1299 394 1349 pitulo
434 1299 540 1348 quod
573 1312 732 1337 necesse
766 1307 824 1337 est
859 1300 909 1337 ad
943 1301 1245 1339 stabilimentum
1278 1314 1487 1351 regnorum
1526 1314 1609 1339 esse
1625 1311 1849 1371 {issfflssfftfhsse

1675 1365 1692 1377 δ

223 1385 259 1417 15
275 1370 477 1419 theologos
506 1370 571 1420 qui
603 1370 673 1408 soli
708 1371 832 1408 sciunt
866 1372 1083 1409 discernere
1115 1373 1206 1421 quid
1241 1373 1288 1410 sit
1321 1372 1544 1418 hereticum,
1576 1381 1613 1410 et
1624 1379 1876 1445 fflgffiosgffillsbszle

275 1453 439 1490 quorum
465 1447 522 1478 est
549 1441 726 1490 detegere
754 1449 984 1491 potestatem
1010 1455 1143 1492 regum
1172 1444 1285 1480 nimis
1307 1444 1370 1480 diu
1391 1444 1556 1492 sopitam
1575 1451 1612 1481 et
1624 1445 1881 1511 Jgffgggsr'ssavxvffsso

274 1512 502 1550 blasfemum
530 1525 732 1550 excessum
760 1515 960 1563 potestatis
980 1515 1223 1552 vendicatum
1250 1528 1272 1552 a
1299 1522 1477 1564 pretenso
1499 1513 1883 1579 Cristissgsvss‘gss‘gfttlffeffissl

1626 1580 1703 1612 King
1716 1581 1771 1606 and
1786 1581 1832 1606 the

1624 1614 1822 1646 blasphemous
1835 1623 1881 1639 ex-

275 1656 489 1693 defenditur
509 1656 615 1705 quod
636 1669 716 1694 non
736 1656 824 1694 licet
851 1670 872 1694 a
897 1658 1052 1706 regibus
1074 1658 1281 1706 quicquam
1308 1657 1433 1695 facere
1461 1659 1533 1696 nisi
1561 1659 1610 1696 ad
1623 1648 1881 1707 ξξζῗεζῖὲξζῖξξξγ

222 1737 262 1759 20
275 1727 380 1776 quod
401 1727 483 1775 ipse
504 1727 608 1776 prius
629 1727 817 1774 licenciat,
834 1740 924 1765 cum
942 1735 1071 1765 tamen
1091 1741 1172 1766 non
1193 1736 1250 1766 est
1270 1728 1356 1778 plus
1377 1729 1612 1766 credendum
1625 1716 1884 1775 Ξῖξῖῐῗζῆξάςξζξῗζι

274 1798 345 1835 Sibi
374 1810 492 1847 quam
523 1798 630 1835 alteri
661 1798 734 1835 nisi
763 1799 810 1836 de
841 1806 987 1848 quanto
1020 1799 1234 1836 fundaverit
1267 1812 1307 1837 se
1340 1801 1539 1849 patencius
1573 1801 1613 1838 in
1628 1782 1727 1815 ngs.

56 1581 97 1611 F.
273 1584 425 1622 vicario.
481 1584 630 1623 Dicitur
658 1585 763 1622 enim
792 1586 896 1635 quod
921 1593 1079 1635 propter
1105 1593 1285 1636 questum
1311 1587 1431 1624 eciam
1461 1600 1483 1624 a
1509 1587 1611 1625 clero

272 1870 472 1918 scriptura.
529 1869 581 1907 Et
612 1870 642 1906 si
673 1870 880 1907 innitamur
907 1871 1105 1907 evidencie
1137 1871 1274 1920 topice,
1310 1872 1415 1920 quod
1441 1872 1526 1922 plus
1556 1879 1613 1910 est

273 1940 507 1977 credendum
539 1941 631 1990 ipsis
665 1953 783 1990 quam
818 1941 898 1978 aliis
931 1949 1087 1991 propter
1121 1942 1295 1992 gradum,
1328 1954 1460 1980 verum
1492 1950 1548 1980 est
1583 1944 1613 1980 si

270 2012 405 2061 gradui
432 2024 729 2061 recompensam
755 2012 896 2050 faciant
925 2013 964 2049 in
991 2013 1133 2050 virtute.
1193 2013 1232 2051 Si
1259 2014 1363 2051 enim
1391 2015 1430 2051 in
1460 2015 1611 2064 scriptis

220 2090 258 2121 25
273 2089 310 2120 et
335 2080 458 2120 verbis
488 2095 527 2120 se
557 2083 765 2120 ostendant
793 2096 877 2121 esse
906 2084 1062 2133 ignaros
1093 2085 1288 2134 scripture,
1320 2091 1357 2123 et
1384 2086 1423 2122 in
1450 2087 1525 2123 vita
1554 2087 1610 2123 in·
1625 2101 1686 2126 The
1699 2106 1761 2127 true
1775 2101 1854 2128 foun-

273 2154 404 2191 dicant
439 2166 478 2191 se
517 2154 708 2192 declinare
743 2167 765 2191 a
803 2156 1110 2193 conversacione
1148 2157 1221 2193 vite
1261 2157 1487 2206 apostolice,
1527 2135 1871 2207 plusfficig'rssessftssthe

273 2225 509 2262 credendum
535 2232 592 2262 est
619 2225 700 2262 aliis
727 2226 790 2274 qui
817 2232 1030 2264 noscuntur
1057 2227 1095 2263 in
1123 2227 1203 2264 istis
1228 2228 1446 2277 precellere.
1505 2228 1614 2266 Basis
1628 2202 1777 2235 &mptum

273 2302 401 2333 autem
430 2297 709 2346 cuiuscumque
741 2297 825 2334 talis
861 2297 988 2335 iudicii
1024 2304 1081 2335 est
1114 2299 1310 2348 scriptura.
1382 2300 1498 2338 Unde
1528 2301 1614 2350 plus

274 2367 510 2404 credendum
546 2374 604 2404 est
639 2368 767 2404 sensui
800 2375 1021 2406 sanctorum
1056 2381 1173 2418 quam
1209 2371 1404 2408 sentencie
1438 2373 1613 2409 omnium
1627 2385 1897 2412 Weshouldrather

220 2450 462 2487 3opaparum
502 2444 539 2475 et
578 2450 737 2475 suorum
775 2439 1026 2476 cardinalium
1056 2453 1078 2477 a
1108 2446 1282 2489 tempore
1318 2454 1397 2491 quo
1431 2450 1614 2492 ceperunt
1627 2419 1896 2512 ξῗιξῗιζῆἓῇἒξᾏᾞὲς

1626 2495 1662 2511 an
1696 2495 1743 2512 car
1765 2496 1835 2512 lssaS

274 2509 439 2557 aspirare
470 2509 519 2546 ad
549 2509 720 2546 seculare
751 2510 979 2555 dominium,
1008 2511 1136 2549 relicta
1164 2511 1278 2549 Cristi
1305 2514 1499 2562 pauperie,
1529 2526 1613 2563 spe·
1625 2519 1872 2587 ssfflssssfiigffdtsi'fip

273 2580 413 2618 cialiter
442 2581 481 2617 in
510 2580 582 2618 hiis
612 2593 687 2630 que
720 2587 960 2618 concernunt
989 2581 1105 2618 fidem
1135 2583 1332 2632 scripture,
1362 2591 1403 2620 ut
1432 2591 1536 2634 patet
1565 2598 1612 2622 ex
1625 2586 1894 2647 fficjjvgsiissfffigllg'wo

273 2651 350 2688 suis
377 2651 547 2700 epistulis
574 2651 836 2698 decretalibus,
867 2664 940 2701 que
967 2653 1025 2689 vel
1054 2652 1264 2690 fundantur
1293 2655 1332 2691 in
1362 2655 1548 2704 scriptura
1577 2662 1613 2693 et
1625 2654 1877 2720 ἓξὲἷζξξὲῇἷᾶξὲζὲ

274 2722 383 2769 dictis
411 2729 634 2759 sanctorum
663 2723 721 2760 vel
751 2723 823 2760 sub
852 2722 940 2761 fuco
970 2723 1181 2772 sophistico
1211 2726 1365 2775 sapiunt
1394 2727 1433 2763 in
1463 2727 1515 2764 eis
1546 2727 1613 2765 de-

57 2794 138 2824 Fol·
151 2794 219 2824 139
231 2803 262 2824 a.
277 2792 531 2831 clinacionem
552 2795 601 2832 ab
619 2793 830 2832 humilitate
844 2794 1076 2843 ewangelica
1096 2795 1144 2832 ad
1164 2797 1436 2846 aspeccionem
1450 2798 1470 2821 *
1488 2799 1614 2836 excel-

841 2875 852 2895 1
877 2879 917 2912 et,
936 2886 996 2906 om.
1016 2884 1044 2906 R.
