2051 3299
680 261 746 292 DE
779 259 974 291 orrrcro
1007 259 1162 291 REGIS.
1811 260 1861 302 51

257 365 339 402 eius
360 364 580 414 potenciam
601 365 822 402 coactivam.
881 364 1081 411 Quantum
1102 362 1152 400 ad
1171 362 1367 400 ministros
1386 362 1587 400 inferiores
1600 369 1843 430 {ghstsgffigtgod

256 436 393 473 sufficit
413 447 484 484 pro
515 448 617 473 nunc
638 435 763 473 dicere
785 435 889 484 quod
918 434 1225 471 manuducantur
1245 433 1295 470 ad
1314 433 1587 471 mandatorum
1600 439 1656 463 and
1670 438 1718 463 the
1734 438 1821 470 Kirna,

1599 472 1655 497 and
1669 471 1723 497 live
1736 471 1764 497 in

254 505 314 543 dei
338 506 638 552 observandam,
659 506 708 543 ad
736 506 886 543 fidelem
915 505 1111 542 ministerii
1138 505 1238 552 regis
1259 504 1587 541 ministracionem
1600 505 1717 538 charity·

255 583 292 613 et
312 577 360 613 ad
383 577 605 614 habendum
625 577 722 613 inter
743 588 783 614 se
804 577 909 625 ipsos
929 584 1103 613 mutuam
1125 575 1333 612 caritatem.
1403 575 1477 612 Sed
1499 575 1587 625 quia
1600 580 1617 606 i·
1632 581 1664 606 of
1673 580 1720 606 the
1733 580 1843 613 priests’

1600 614 1742 640 functions
1756 623 1797 639 we

224 663 241 694 5
257 647 498 685 sacerdotum
519 653 577 685 est
597 647 809 685 doctrinam
828 648 941 684 istam
958 646 1106 695 exequi,
1129 653 1166 683 et
1179 646 1384 694 utrobique
1405 647 1476 683 sub
1496 658 1586 695 rege
1600 654 1675 714 ffisyt
1689 648 1781 713 ⁵331}
1790 657 1866 706 ἓξὲξ

254 718 547 756 architectonice
594 718 779 766 regulare,
815 718 903 755 ideo
949 718 996 754 de
1031 717 1101 754 illis
1135 717 1204 754 erit
1239 729 1367 754 sermo
1405 717 1587 753 diffusior.
1600 716 1681 741 25⁵&
1695 715 1743 741 the
1758 715 1845 747 Κῑῃὲν

254 789 407 826 Debent
434 789 538 826 enim
559 789 778 826 sacerdotes
807 789 887 837 regi
908 788 1084 825 assistere
1114 787 1341 824 instruendo
1361 787 1400 822 in
1421 787 1492 823 hiis
1513 799 1587 835 que

254 865 342 896 sunt
362 859 411 896 ad
434 858 594 904 Deum1,
616 859 857 896 consulendo
879 859 927 896 ad
947 858 1147 907 exemplar
1176 857 1270 906 legis
1292 857 1351 894 dei
1372 857 1412 893 in
1433 857 1587 894 iusticiis

255 929 451 967 servandis
471 930 519 966 ad
538 930 773 978 proximum.
831 930 921 966 Hoc
942 929 1046 966 enim
1066 935 1122 966 est
1151 928 1515 965 excellentissimum
1551 934 1588 965 et

204 1008 243 1030 10
257 1000 624 1037 necessariissimum
663 1001 833 1039 officium
871 1000 972 1049 regis
1011 997 1139 1048 legio2
1178 999 1414 1048 deputatum.
1482 997 1586 1035 Nam
1600 1007 1848 1067 asdvgieniggqistzeen

1600 1051 1631 1067 01·
1748 1051 1756 1066 l

36 1069 133 1142 Dgeut·
152 1068 228 1100 xvii·
258 1070 529 1108 Deutronomii
548 1071 634 1117 xvii,
644 1077 683 1107 ut
698 1083 823 1120 supra,
834 1071 967 1108 dicitur
982 1070 1086 1119 quod
1102 1083 1168 1107 rex
1182 1070 1343 1118 accipiet
1357 1070 1549 1118 exemplar
1563 1083 1586 1106 a
1601 1075 1657 1101 Old
1670 1075 1844 1100 Testament-

39 1121 51 1142 Ι
80 1136 86 1143 '
256 1142 501 1179 sacerdolz'bus
520 1142 656 1178 levitice
675 1142 795 1178 tribus
814 1155 900 1190 quos
919 1142 1064 1178 habebit
1079 1154 1206 1179 secum.
1236 1140 1296 1178 Ex
1318 1153 1396 1190 quo
1417 1141 1586 1189 sequitur

254 1225 323 1261 per
353 1213 482 1250 locum
515 1225 538 1250 a
570 1213 707 1249 maiori
741 1212 844 1261 quod
879 1224 989 1261 reges
1023 1212 1202 1257 cristiani,
1223 1213 1289 1261 qui
1323 1211 1466 1248 debent
1500 1223 1585 1248 esse

255 1283 379 1332 magis
412 1283 590 1332 religiosi,
613 1282 797 1320 haberent
832 1283 1048 1320 sacerdotes
1084 1282 1212 1327 Cristi,
1234 1283 1299 1332 qui
1338 1288 1426 1319 sunt
1461 1295 1582 1331 genus
1599 1295 1820 1355 zorltggiscapse

1597 1336 1607 1355 t
1631 1339 1645 1355 e
1691 1339 1768 1362 ingo

202 1358 240 1388 15
254 1353 419 1391 electum
440 1361 477 1390 et
496 1353 621 1402 regale
639 1354 917 1400 sacerdocium,
939 1360 1082 1391 stantes
1099 1366 1243 1399 secum,
1265 1360 1301 1390 et
1322 1354 1451 1402 gracia
1472 1353 1584 1390 huius
1597 1364 1732 1423 {ngland
1746 1364 1803 1423 hisi
1856 1397 1864 1422 l

1618 1406 1668 1422 een
1681 1406 1750 1430 very
1775 1407 1784 1423 1
1805 1406 1853 1422 era

254 1424 367 1462 officii
387 1436 455 1461 rex
482 1431 611 1462 noster
631 1424 757 1473 anglie
783 1425 882 1462 inter
901 1437 1038 1462 omnes
1066 1437 1177 1474 reges
1198 1425 1399 1462 cristianos
1426 1424 1583 1461 fertilius
1596 1431 1756 1497 ssssotgfftsspi‘

254 1495 396 1532 dotavit
435 1495 749 1544 archiepiscopos
787 1502 824 1532 et
863 1496 1067 1545 episcopos
1109 1496 1218 1544 regni
1258 1496 1325 1533 sui.
1383 1496 1478 1533 Ideo
1512 1496 1584 1532 nisi

253 1566 465 1615 rependant
485 1567 556 1603 sibi
583 1566 879 1604 vicissitudinem
902 1566 942 1605 in
968 1566 1190 1614 diligencia3
1220 1566 1331 1604 huius
1361 1567 1473 1606 officii
1497 1572 1585 1604 sunt
1599 1577 1628 1636 ἐς
1639 1577 1661 1636 {t
1675 1575 1738 1635 ffssils
1754 1575 1831 1635 1trl111ts

1619 1621 1636 1636 u
1651 1619 1670 1642 y
1684 1620 1692 1636 ι
1720 1619 1742 1636 rs
1791 1619 1848 1635 ere-

254 1637 419 1686 amplius
448 1638 682 1687 increpandi,
707 1644 742 1674 et
778 1637 992 1686 specialiter
1016 1638 1089 1674 nisi
1116 1638 1304 1675 instruant
1331 1649 1420 1674 eum
1449 1650 1584 1675 secun·
1598 1645 1663 1704 ξέτῖ
1666 1644 1805 1704 Ιτέῐξὲἓιοτε
1818 1649 1848 1669 to

201 1712 242 1734 ²0
255 1708 347 1745 dum
372 1708 498 1757 legem
523 1708 583 1745 dei
606 1708 699 1756 quid
733 1715 790 1745 est
822 1708 1055 1746 catholicum
1091 1714 1128 1745 et
1161 1708 1255 1757 quid
1291 1708 1505 1745 hereticum
1545 1709 1585 1745 in

253 1779 325 1816 hiis
356 1791 431 1828 que
465 1785 702 1817 concernunt
736 1779 908 1828 regimen
937 1779 1046 1828 regni
1071 1779 1139 1816 sui.
1197 1779 1301 1817 Nam
1328 1780 1583 1826 obmittendo‚

253 1850 437 1899 fingendo
457 1850 515 1887 vel
536 1850 758 1887 seducendo
774 1850 813 1886 in
833 1850 913 1887 istis
931 1850 1056 1888 forent
1070 1851 1130 1888 dei
1151 1857 1187 1887 et
1206 1851 1409 1888 hominum
1426 1850 1586 1887 maximi

252 1921 479 1970 proditores.
509 1920 592 1958 Nec
613 1927 764 1969 oportet
784 1921 841 1958 vel
861 1921 1039 1958 convenit
1058 1921 1163 1969 quod
1184 1921 1258 1958 sint
1278 1933 1408 1958 secum
1430 1921 1585 1959 cottidie
1600 1934 1626 1960 It
1640 1934 1663 1994 ³5?
1676 1939 1725 1961 not
1739 1934 1853 1994 enouffih

1598 1974 1627 1994 to
1661 1977 1675 1993 e
1688 1978 1763 1994 mere
1777 1973 1807 1993 ta
1838 1977 1865 1994 e-

252 1991 531 2037 conmensales,
562 1992 629 2029 sed
662 1992 797 2029 sufficit
824 1992 929 2042 quod
963 1992 1170 2041 prudenter
1205 1993 1242 2029 in
1276 2005 1399 2042 regno
1431 1993 1585 2041 vigilent
1597 2003 1788 2062 ffimpaniong

1631 2045 1666 2068 ey
1680 2043 1754 2062 must
1788 2045 1803 2062 e

198 2064 236 2095 ²5
251 2069 288 2100 et
310 2063 498 2099 instruant
524 2074 615 2100 oves
649 2063 749 2112 regis
776 2069 813 2100 et
843 2075 931 2100 suas
951 2063 989 2099 in
1009 2062 1081 2100 hiis
1111 2075 1186 2112 que
1207 2069 1295 2100 sunt
1325 2063 1373 2100 ad
1398 2063 1525 2107 deum,
1547 2070 1583 2100 et
1596 2070 1726 2130 geiavqgeto
1741 2070 1806 2104 give

251 2134 281 2170 si
301 2134 393 2183 quid
410 2133 620 2182 questionis
632 2133 748 2170 ardue
764 2133 777 2152 4
798 2133 837 2170 in
858 2133 976 2170 domo
997 2134 1098 2182 regis
1125 2140 1258 2171 natum
1278 2133 1390 2171 fuerit
1411 2134 1459 2171 ad
1480 2134 1584 2183 ipsos

249 2211 290 2242 ut
317 2211 487 2255 satrapas
510 2205 677 2241 habeant
700 2216 897 2241 recursum
925 2210 962 2241 et
985 2204 1183 2241 securum⁵
1213 2204 1428 2242 secundum
1457 2204 1583 2253 legem

251 2276 312 2313 dei
345 2276 558 2313 consilium.
617 2274 695 2321 Qui
729 2282 858 2312 autem
893 2280 991 2312 stant
1030 2275 1184 2313 cottidie
1218 2287 1307 2312 cum
1341 2275 1508 2324 regibus,
1543 2282 1584 2313 ut

250 2346 367 2384 michi
391 2347 547 2392 videtur,
577 2346 719 2383 debent
743 2345 956 2383 secundum
977 2346 1253 2395 episcoporum
1283 2346 1582 2395 disposicionem

197 2425 238 2455 30
251 2418 452 2466 providam
481 2417 657 2463 limitari}
697 2416 802 2465 quod
836 2417 867 2453 si
896 2416 936 2453 in
971 2416 1052 2453 istis
1085 2417 1311 2465 ignorancia
1331 2417 1388 2453 vel
1420 2429 1582 2466 corpore

251 2488 429 2525 deficiant
461 2499 617 2525 necesse
651 2493 708 2524 est
741 2499 872 2536 regem
905 2487 1058 2524 aliunde
1093 2488 1140 2524 de
1174 2487 1344 2525 remedio
1371 2488 1581 2536 providere.
1594 2491 1839 2557 Sleffigffilgatnffit

31 2557 73 2586 F·
256 2557 422 2607 Oportet
460 2564 590 2595 autem
628 2570 761 2607 regem
802 2557 849 2594 de
893 2557 1142 2595 familiaribus
1181 2558 1329 2595 clericis
1367 2570 1580 2607 precavere.
1595 2559 1813 2618 {ffisgffilglfdhssre

252 2628 382 2666 Primo
403 2628 508 2678 quod
528 2629 602 2665 sint
622 2628 814 2665 immunes
835 2640 857 2665 a
877 2628 1098 2666 criminibus
1129 2629 1290 2665 notoriis
1310 2636 1347 2666 et
1371 2629 1582 2678 specialiter
1594 2626 1860 2686 {gssffoffgsgffie-and

251 2699 438 2748 symonia.
486 2699 591 2737 Nam
611 2699 825 2748 symoniaci
847 2705 934 2736 sunt
953 2699 1110 2736 heretici
1131 2705 1168 2736 et
1199 2700 1481 2737 excomunicati
1514 2701 1580 2749 qui
1593 2693 1745 2760 ξῗῐξξξξΞῙΥ
1757 2694 1828 2719 f‘Om

294 2792 305 2810 ¹
326 2793 369 2824 ad
396 2804 483 2832 eum,
509 2801 543 2824 A.
654 2793 666 2810 ²
689 2793 782 2835 legis,
802 2802 836 2825 A.
947 2792 959 2809 ³
982 2793 1192 2835 indulgencia
1217 2799 1282 2835 pro
1306 2793 1526 2835 indiligentia,
1544 2803 1578 2826 A.

248 2844 260 2861 ⁴¹
283 2844 387 2883 ardui,
407 2852 438 2876 B.
527 2845 539 2862 ⁵
563 2849 595 2877 et
614 2855 762 2876 securum
785 2846 822 2876 z'n
839 2855 943 2886 marg.
961 2846 1004 2877 al.
1023 2856 1137 2883 manu,
1158 2853 1187 2876 Β.

877 2913 901 2937 Ε
925 2913 943 2937 2
