2051 3299
56 1136 100 1167 37
117 1143 147 1165 0.

692 241 758 271 DE
790 239 984 271 OFFICIO
1015 238 1170 270 REGIS.
1802 231 1881 274 175

273 345 553 384 excomunicat.
611 343 704 383 Non
728 345 931 383 credamus
949 344 1061 394 igitur
1077 344 1191 381 talem
1213 342 1411 380 infamiam
1432 341 1601 391 proximi

273 417 346 454 nisi
375 417 529 455 doctam
560 417 741 466 legitime.
798 416 926 453 Debet
956 416 1071 464 igitur
1100 415 1251 452 acucies
1281 413 1488 453 sacerdotis
1518 425 1602 450 esse

273 495 464 539 argentea,
513 488 711 537 arguendo
759 488 852 525 dure
898 487 1075 524 inimicos
1123 486 1249 531 Cristi,
1297 485 1487 522 tradendo
1535 495 1603 521 eos

274 561 444 605 sathane,
476 560 507 597 si
538 565 701 609 oportet,
732 565 768 596 et
800 558 1015 608 separando
1044 570 1112 595 eos
1141 571 1164 595 a
1193 557 1368 594 fidelibus
1398 569 1448 594 ne
1478 555 1603 593 domi-

241 631 404 671 5nicum
441 643 601 680 gregem
639 630 820 667 inficiant.
878 629 997 676 Quod
1035 629 1066 666 si
1106 628 1256 666 acucies
1295 628 1367 665 ista
1403 639 1514 664 versa
1556 626 1604 663 sit

272 703 311 739 in
358 702 575 750 rubiginem
620 701 783 738 ferream
831 707 868 738 et
918 699 1237 739 excomunicacio
1292 698 1508 747 phariseica
1556 697 1603 734 sit

271 773 425 819 venalis,
450 772 635 822 ponendo
661 772 813 809 fidelem
841 778 948 809 extra
977 783 1218 820 synagogam
1249 777 1287 807 et
1321 769 1604 807 introducendo

272 844 469 882 maleficos
519 850 676 893 propter
723 850 914 893 questum,
959 842 1171 892 expediens
1219 841 1319 878 foret
1358 853 1381 878 a
1418 840 1604 890 phariseis
1617 845 1679 870 The
1692 844 1773 883 triple
1786 853 1832 870 ex-

1617 879 1758 904 hortation
1772 878 1796 904 is

273 915 493 954 huiusmodi
528 927 706 964 separare
739 914 966 953 vocantibus
1000 912 1311 951 inobedienciam
1348 911 1855 978 negacionern3153{dffl'111117gss2ngnq

220 986 366 1024 101ucri
405 986 510 1036 quod
547 986 719 1033 exigunt,
751 992 789 1023 et
825 981 1086 1037 vocant[ibus]
1127 983 1303 1021 ordinem
1342 982 1603 1031 correpcionis
1617 984 1761 1038 {ffspwssble
1774 1011 1860 1038 medi-

1615 1046 1688 1072 cinal
1702 1055 1796 1078 power
1808 1045 1832 1071 is

1616 1080 1762 1106 sacrificed
1776 1080 1818 1105 for

1592 1130 1606 1161 t
1617 1114 1772 1146 pecuniary
1784 1112 1861 1146 gain.

271 1056 436 1094 fraterne
483 1057 744 1094 monicionem
788 1056 915 1105 primo
960 1063 1003 1092 20
1050 1061 1086 1092 et
1130 1062 1173 1103 30
1211 1060 1252 1091 ut
1290 1053 1470 1103 implicite
1509 1052 1603 1089 illud

273 1127 423 1165 solvant
451 1127 510 1164 vel
538 1127 645 1164 aliter
673 1127 1027 1164 excomunicabunt
1058 1124 1076 1145 '¹‘
1107 1126 1280 1176 ydiotam
1318 1125 1359 1162 in
1387 1124 1537 1170 vertice,
1568 1136 1588 1161 e

273 1199 328 1236 sic
356 1205 438 1236 tota
465 1198 660 1235 medicina
688 1198 1102 1235 excomunicacionem
1131 1209 1241 1234 versa
1270 1202 1327 1234 est
1357 1196 1396 1232 in
1426 1202 1607 1245 questum

272 1269 445 1319 pecunie,
493 1270 546 1307 sic
600 1269 706 1319 quod
752 1269 814 1306 vix
867 1269 1038 1306 invenies
1090 1267 1503 1306 excomunicacionem
1549 1266 1608 1304 vel

223 1344 261 1376 15
275 1341 389 1378 aliam
436 1352 641 1378 censuram
688 1340 849 1377 finaliter
895 1346 1056 1389 propter
1094 1339 1199 1377 aliud
1245 1339 1499 1376 fulminatam.
1557 1338 1609 1375 Et

274 1424 416 1457 revera,
456 1417 498 1448 ut
536 1417 641 1460 patet
678 1411 717 1447 in
757 1411 917 1448 materia
955 1411 1002 1448 de
1041 1410 1176 1456 heresi,
1216 1410 1269 1448 sic
1302 1411 1608 1447 excomunicans

272 1482 429 1520 fratrem
463 1494 577 1519 suum
608 1481 772 1531 imponit
806 1482 877 1519 sibi
910 1481 1078 1519 heresim
1110 1493 1181 1531 pro
1211 1493 1288 1531 qua
1316 1480 1442 1519 forent
1475 1481 1608 1518 omnia

275 1553 357 1591 eius
394 1553 620 1602 temporalia
658 1553 920 1598 confiscanda,
959 1560 996 1590 et
1034 1552 1135 1590 facta
1164 1552 1399 1590 execucione
1438 1557 1607 1589 cessaret

277 1624 365 1662 cleri
391 1624 549 1661 exaccio
577 1630 614 1661 et
646 1624 962 1662 excomunicacio
994 1623 1093 1662 foret
1124 1624 1195 1661 sibi
1226 1623 1377 1670 inutilis,
1405 1623 1478 1661 nisi
1508 1623 1607 1661 forte

224 1699 264 1720 20
278 1695 430 1733 cederet
469 1694 576 1732 cordi
614 1694 948 1732 excomunicantis
986 1694 1154 1732 vindicta
1201 1700 1315 1744 capta
1361 1694 1408 1731 de
1455 1694 1608 1731 subdito

277 1765 327 1803 ad
366 1765 551 1803 solamen.
624 1765 730 1803 Sicut
776 1765 890 1814 igitur
937 1765 1035 1803 foret
1082 1778 1182 1814 opus
1228 1764 1608 1814 supererrogacionis

274 1836 499 1885 theologum
540 1836 651 1873 istam
681 1835 949 1885 dyabolicam1
982 1836 1184 1874 fraudem2
1217 1836 1405 1885 detegere,
1441 1836 1494 1874 sic
1532 1836 1608 1873 ele-

274 1908 428 1945 mosina
475 1907 571 1945 foret
621 1907 855 1944 secularem3
905 1907 1108 1945 dominum
1159 1907 1333 1945 acuciem
1375 1907 1486 1944 istam
1534 1919 1612 1957 qua

276 1978 471 2027 simplices
528 1977 762 2015 seducuntur
814 1983 990 2027 potenter
1037 1977 1264 2016 obtundere.
1349 1977 1442 2016 Non
1498 1978 1612 2027 igitur
1626 1989 1701 2027 Such¹
1715 1998 1826 2048 esspom-

1625 2032 1737 2049 munlca
1752 2032 1813 2049 lons

226 2054 265 2086 25
279 2060 436 2086 necesse
469 2055 528 2085 est
560 2049 975 2086 excomunicacionem
1009 2048 1127 2086 talem
1158 2061 1227 2098 per
1259 2049 1612 2087 incarceracionem
1625 2056 1880 2123 ‹Snffissgrrzgctffiybiem

275 2119 563 2157 infundabiliter
600 2120 795 2157 roborare.
868 2119 920 2157 Et
959 2119 1012 2157 sic
1053 2120 1084 2156 si
1121 2119 1208 2157 loco
1246 2120 1360 2157 officii
1410 2120 1613 2169 pastoralis
1624 2124 1806 2157 prisonment.

59 2194 220 2225 F01.153
232 2203 262 2224 a.
277 2189 458 2227 succedat
496 2189 577 2239 lupi
616 2190 819 2239 rapacitas,
854 2190 942 2228 loco
982 2188 1258 2239 spe*culatoris
1297 2190 1505 2239 proditoris
1543 2190 1613 2228 do-

59 2339 103 2369 Is.
120 2338 169 2370 iii.
189 2344 218 2379 7.

276 2261 408 2299 lositas
457 2267 495 2298 et
542 2261 629 2299 loco
677 2261 881 2310 spiritualis
928 2261 1114 2299 curatoris
1164 2262 1311 2299 intrusa
1356 2261 1613 2307 venenositas,

276 2331 514 2369 verificatum
555 2338 612 2370 est
650 2332 698 2369 de
735 2332 875 2370 nostris
912 2332 1116 2381 prepositis
1144 2332 1238 2369 illud
1270 2332 1418 2381 yesaias
1450 2338 1494 2381 30
1522 2331 1614 2369 Non

224 2418 265 2449 30
277 2416 359 2440 sum
399 2403 558 2440 medicus
594 2407 629 2440 el
663 2404 702 2440 z'n
740 2404 843 2440 domo
881 2416 959 2440 mea
997 2416 1069 2439 non
1107 2407 1160 2439 est
1184 2405 1314 2451 panis,
1349 2403 1455 2452 quod
1488 2403 1613 2441 evidet

278 2474 309 2511 si
337 2473 423 2511 loco
452 2473 737 2512 benediccionis
771 2474 953 2511 succedat
990 2473 1320 2520 excomunicacio,
1360 2474 1446 2512 loco
1483 2474 1613 2523 predi-

279 2545 447 2583 cacionis
484 2545 761 2594 peccuniarum
798 2545 1071 2594 multiplicacio
1110 2552 1148 2583 et
1184 2545 1272 2584 loco
1310 2552 1442 2583 sancte
1479 2558 1611 2583 exem-

278 2615 467 2665 placionis
504 2615 732 2654 omnimoda
778 2615 1071 2662 scandalizacio,
1109 2616 1216 2654 cuius
1264 2628 1382 2654 causa
1428 2617 1612 2666 precipua

280 2686 428 2723 videtur
469 2687 577 2736 quod
614 2686 940 2737 multiplicantur-‘²
971 2687 1130 2724 nomine
1168 2687 1308 2725 medici
1342 2687 1408 2737 qui
1442 2694 1530 2725 sunt
1564 2687 1611 2725 de

327 2777 339 2795 ¹
361 2777 561 2817 dialeticam,
584 2786 619 2810 A.
760 2778 773 2795 ²
795 2779 953 2817 fraudare,
979 2787 1014 2809 Α.
1156 2777 1168 2795 ³
1191 2779 1335 2810 seculare
1358 2778 1552 2818 dominium,
1576 2787 1611 2811 A.

283 2830 295 2847 ⁴
318 2829 553 2871 multipliciter,
569 2838 600 2861 B.
