2051 3299
710 201 774 233 DE
806 199 999 233 OFFICIO
1032 199 1189 232 REGIS.
1805 194 1888 238 273

288 301 471 357 mittunt.)
525 304 576 343 Et
598 310 651 353 30,
673 316 791 354 quare
819 316 906 342 cum
934 304 1151 342 differenter
1179 309 1216 341 et
1236 301 1615 353 inproporcionaliter
1627 317 1650 339 3·
1660 306 1736 338 Why
1749 306 1816 339 they
1830 314 1862 332 S0

1626 340 1780 372 unequally

291 374 477 424 puniunt1
496 376 720 414 innocentes
749 375 899 423 gravius
928 386 1045 423 quam
1074 373 1160 422 plus
1190 385 1288 411 reos.
1344 373 1444 410 Item
1473 379 1610 410 notum
1625 373 1813 439 gffriffiffeem·

290 445 404 483 debet
423 457 505 483 esse
525 440 626 483 fideli
646 456 761 494 quem
781 445 954 494 alloquor
977 444 1081 494 quod
1105 456 1185 482 non
1211 444 1378 481 alliceret
1406 443 1610 479 minimum
1626 456 1893 521 ssgssifflffltsssspt

292 527 464 552 scurram
484 515 540 552 sui
560 516 748 552 exercitus
768 515 817 553 ad
838 515 992 564 culpam
1021 514 1252 552 levissimam
1276 526 1347 563 pro
1367 513 1612 562 adquirendis
1627 523 1886 587 ssgssffssgiissssv‘erto

258 585 362 641 5sibi
395 586 574 623 omnibus
613 585 756 622 diviciis
795 584 906 622 huius
944 584 1089 630 mundi,
1130 584 1198 621 sed
1234 583 1308 621 hoc
1346 582 1613 621 inevitabiliter
1627 589 1752 655 {31ng
1758 588 1894 655 {ffigdes

291 655 477 704 contigit²
496 656 536 692 in
556 655 684 692 multis
710 661 747 692 et
766 655 830 692 in³
851 655 1001 704 magnis
1032 654 1063 692 si
1093 666 1174 691 non
1203 654 1384 692 omnibus
1414 653 1613 701 utriusque
1627 664 1736 684 arrmes·

291 726 491 763 exercitus.
545 726 652 775 Ergo
683 726 929 763 temerarium
958 725 1054 763 foret
1086 737 1157 774 pro
1191 724 1313 761 fructu
1348 729 1428 761 tam
1457 724 1612 762 modico

290 795 502 843 periculum
521 801 600 833 tam
625 795 772 845 grande
801 795 992 832 inducere.
1049 794 1234 840 Perdicio,
1266 795 1437 844 inquam,
1460 795 1534 831 vite
1555 794 1613 831 vel

290 866 484 903 bonorum
513 871 648 903 nature
679 866 793 903 debet
828 877 911 903 esse
944 865 1134 901 infinitum
1168 864 1358 914 fugibilior
1396 865 1543 902 homini
1576 871 1614 902 et

236 969 276 991 10
290 935 466 974 fratribus
495 948 592 985 quos
619 935 731 973 debet
761 935 917 984 diligere
946 941 988 972 ut
1018 947 1057 972 se
1090 935 1230 984 ipsum,
1260 947 1377 984 quam
1409 935 1611 973 frustracio

288 1005 407 1043 civilis
439 1006 609 1043 dominii.
640 1004 658 1025 *
690 1004 792 1042 Cum
819 1017 912 1054 ergo
935 1005 1126 1042 infinitum
1156 1005 1350 1054 fugibilior
1380 1005 1497 1043 debet
1526 1018 1610 1043 esse
1626 1010 1665 1035 As
1679 1018 1720 1035 we
1733 1009 1823 1041 ought
1836 1014 1865 1035 to

70 1034 117 1064 55
136 1033 171 1062 d.
1628 1043 1731 1068 submit
1748 1049 1776 1068 to
1795 1043 1829 1068 be
1848 1043 1895 1069 de-

289 1075 456 1125 quelibet
487 1075 601 1125 culpa
630 1087 747 1125 quam
780 1076 872 1113 boni
903 1075 1085 1112 naturalis
1119 1076 1297 1125 privacio‚
1333 1081 1438 1125 patet
1470 1083 1612 1125 quante
1628 1076 1836 1142 ggigl'fr‘ssfgggg'

289 1145 536 1195 undiquaque
567 1146 857 1183 accumulantur
881 1145 1043 1183 stulticia
1074 1152 1111 1183 et
1141 1152 1346 1195 peccatum
1376 1147 1414 1183 in
1444 1147 1612 1195 gwerris.
1627 1144 1884 1207 ssfffgsfgffinggffl

290 1214 393 1252 Nam
414 1228 436 1252 a
454 1227 550 1264 pace
570 1227 645 1265 que
666 1215 763 1253 foret
782 1216 867 1253 finis
887 1216 1076 1253 bellorum
1096 1228 1165 1265 per
1184 1217 1497 1254 concertaciones
1518 1217 1613 1254 tales
1626 1210 1877 1276 {vgtrfyagfnffff'gjsd

288 1286 474 1324 receditur
500 1292 537 1324 et
565 1286 716 1324 interim
735 1299 783 1324 ex
804 1288 1007 1324 amborum
1027 1292 1135 1336 parte
1156 1286 1299 1336 duplex
1319 1287 1394 1324 vita
1414 1288 1585 1337 perditur
1602 1301 1611 1334 3
1626 1277 1740 1305 f00fiSh‘

285 1357 398 1395 etsie
419 1368 540 1406 genus
570 1357 784 1394 humanum
805 1369 883 1407 quo
913 1357 962 1394 ad
985 1358 1279 1407 prosperitatem
1310 1364 1389 1395 tam
1420 1358 1470 1395 ad
1501 1358 1614 1395 huius

289 1428 363 1465 vite
397 1439 514 1477 quarn
547 1427 699 1465 alterius
737 1427 994 1476 multipliciter
1031 1428 1235 1477 peioratur.
1293 1428 1484 1466 Ponderet
1522 1441 1614 1478 ergo

290 1498 411 1535 fidelis
431 1497 554 1547 equa4
582 1497 693 1535 lance
721 1498 887 1536 racionis
917 1497 1123 1547 preliorum
1147 1505 1367 1537 nostrorum
1393 1498 1557 1536 fructum
1578 1504 1615 1536 et

290 1568 514 1617 dampnum,
569 1567 667 1605 Item
687 1567 834 1605 videtur
863 1568 969 1617 quod
1001 1569 1154 1606 omnis⁵
1174 1568 1292 1606 homo
1314 1569 1428 1607 debet
1457 1569 1614 1607 sufferre
1627 1575 1697 1634 ἓξ
1700 1574 1834 1634 ἷὲἱῐιιξξυέε
1847 1613 1895 1635 too

236 1675 276 1698 20
289 1639 498 1688 quemlibet
517 1638 712 1676 volentem
742 1638 918 1675 occidere
949 1645 1105 1687 gentem
1124 1639 1183 1677 vel
1213 1640 1375 1688 patriam
1404 1640 1613 1685 devastare,
1628 1642 1883 1701 ἓᾝνὲᾒείἒοὲὴξξτ

288 1709 343 1746 sic
372 1708 570 1745 videlicet⁶
598 1708 703 1757 quod
733 1720 813 1745 non
842 1708 906 1746 det
937 1709 1182 1747 occasionem
1213 1710 1262 1746 ad
1295 1709 1453 1748 facinus.
1512 1710 1613 1747 Nam
1628 1709 1894 1775 {gegagssetghgffid

287 1778 445 1828 quilibet
479 1778 593 1815 debet
625 1790 710 1816 esse
743 1784 823 1815 tam
853 1785 1027 1816 maturus
1062 1779 1112 1816 ad
1145 1779 1392 1828 migrandum
1419 1793 1442 1818 a
1471 1781 1611 1826 seculo,

286 1848 393 1898 quod
416 1848 715 1886 translacionem
746 1849 795 1886 ad
826 1849 1103 1887 beatitudinem
1136 1862 1158 1887 a
1187 1850 1340 1888 miseria
1369 1851 1495 1900 capiet
1524 1864 1613 1889 cum

235 1322 274 1355 Ι5

286 1918 429 1967 gaudio
441 1918 465 1955 ⁷.
523 1917 616 1956 Non
646 1930 738 1967 ergo
759 1919 942 1957 violenter
972 1920 1140 1969 inpediet
1168 1932 1401 1970 promovens
1431 1922 1480 1959 ad
1510 1922 1613 1959 hunc

69 2018 166 2050 Rom.
183 2016 250 2049 viii.
286 1989 401 2026 finem
430 1989 568 2038 pocius
596 2001 713 2038 quam
742 1990 914 2027 martires
944 1990 1125 2038 fecerunt,
1147 2003 1236 2029 curn
1264 1992 1470 2029 timentibus
1490 1992 1612 2029 Deum

72 2063 124 2094 28.
282 2059 408 2096 omnia
437 2062 676 2107 cooperantur
704 2060 745 2095 in
773 2059 915 2097 bonum.
972 2060 1120 2109 Fugere
1147 2066 1276 2098 autem
1296 2062 1346 2098 ab
1365 2073 1442 2099 una
1463 2062 1612 2099 civitate

282 2129 325 2166 -in
345 2127 459 2165 aliam
478 2128 693 2178 precipitur,
714 2129 781 2166 sed
801 2129 973 2167 resistere
994 2130 1158 2168 violente
1188 2143 1269 2168 non
1288 2131 1434 2168 videtur
1454 2131 1612 2169 maturi-

287 2199 417 2237 oribus
450 2198 563 2237 Cristi
593 2198 791 2248 discipulis
823 2200 1039 2238 convenire.
1095 2199 1189 2238 Non
1217 2201 1321 2238 enim
1351 2201 1497 2239 videtur
1526 2202 1612 2241 illos

288 2275 480 2306 servantes
499 2269 696 2307 caritatem
716 2282 830 2319 posse
851 2282 939 2307 cum
958 2270 1032 2308 hoc
1053 2270 1221 2308 frustrari
1236 2271 1404 2321 glorioso
1430 2272 1611 2319 martirio,

69 2374 263 2407 F01.1802,
287 2339 440 2389 qualem
469 2340 789 2388 procuracionem
811 2338 829 2359 ’²‘
851 2340 1015 2389 legimus
1044 2341 1082 2377 in
1111 2342 1225 2380 beato
1245 2342 1414 2380 Martino
1435 2350 1471 2380 et
1491 2342 1614 2379 Bern-

287 2409 419 2447 hardo.
467 2408 560 2446 Non
581 2410 683 2447 enim
700 2410 846 2449 videtur
867 2411 928 2447 dei
948 2411 1156 2460 temptacio
1176 2413 1241 2449 ubi
1262 2424 1341 2450 non
1361 2412 1402 2449 fit
1422 2413 1612 2450 revelacio

288 2479 395 2529 quod
411 2479 496 2530 quis
511 2479 550 2516 in
566 2479 700 2517 suturis
713 2480 916 2529 proficeret
932 2482 1055 2530 magis
1067 2482 1226 2520 ecclesie
1241 2483 1475 2520 intendendo
1489 2484 1612 2520 emin-

288 2550 433 2588 enciori
453 2550 598 2588 caritati
618 2555 738 2588 totam
759 2562 868 2600 spem
888 2552 926 2588 in
940 2552 1014 2589 deo
1034 2564 1191 2601 ponere.
1235 2552 1338 2599 Quia
1357 2559 1487 2591 tamen
1509 2555 1612 2593 credi

329 2664 341 2682 ¹
365 2664 503 2706 punierit
518 2668 583 2706 pro
606 2664 756 2705 puniunt,
771 2673 803 2696 A.
922 2664 933 2681 ²
956 2666 1116 2708 contingit
1132 2671 1196 2708 pro
1220 2667 1370 2709 contigit,
1388 2676 1419 2699 Β.
1529 2669 1541 2687 ³
1565 2669 1609 2707 in,

285 2727 345 2748 vm.
364 2724 395 2747 B.
484 2716 496 2733 ¹
518 2726 536 2748 e
551 2720 663 2747 contra
677 2720 740 2758 pro
756 2726 848 2757 equa,
869 2724 900 2749 B.
999 2717 1011 2734 ⁵
1033 2719 1148 2756 omnis,
1164 2729 1225 2751 om.
1243 2727 1276 2750 Α.
1388 2720 1400 2738 ⁶
1422 2720 1504 2751 sicut
1520 2724 1611 2760 patet

279 2772 343 2807 pro
360 2768 405 2799 sic
421 2766 584 2806 videlicet,
602 2774 634 2797 A.
735 2766 747 2785 ⁷
769 2767 882 2808 gladio
899 2772 963 2809 pro
978 2768 1111 2810 gaudio,
1130 2776 1160 2800 B.

932 2835 957 2861 T
