2051 3299
171 261 249 299 126
873 270 936 301 DE
968 269 1163 302 OFFICIO
1196 269 1352 301 Rnois.

444 374 565 412 lencie
600 373 791 420 secularis,
826 381 865 412 ut
896 381 1000 424 patet
1035 375 1247 424 specialiter
1276 374 1315 410 in
1345 374 1494 411 duabus
1524 373 1777 411 decretalibus

444 457 540 495 quas
567 458 682 494 supra
709 446 881 494 exposui,
912 447 1054 483 scilicet
1080 447 1202 483 Unam
1228 450 1392 482 sanctam
1419 451 1455 482 et
1482 444 1604 482 Some.
1660 445 1776 483 Unde
1789 453 1917 484 Decret.

164 506 391 573 ξξὲξζξὲξῗξῃιζξ
444 530 532 554 cum
564 516 762 554 decretum
792 516 998 562 Ambrosii,
1021 518 1068 554 xi.
1094 530 1130 567 q.
1155 517 1194 554 Ia
1222 517 1414 566 llffagnum
1448 523 1485 554 et
1513 517 1626 553 xxiiii.
1647 530 1683 566 q.
1704 517 1775 552 vin.

167 574 193 600 S.
210 574 345 600 Ambrose
358 574 414 599 and

1744 517 1762 523 --
1789 497 1862 527 Lib.
1882 504 1904 527 Ι.
1918 496 1985 528 Tit.

1789 540 1900 570 xxxiii.

166 608 192 634 S,
212 608 364 639 Bernhard‚
444 587 504 625 De
531 589 714 636 epz'scopz's,
748 594 784 624 et
815 589 947 625 beatus
977 588 1220 625 Bernhardus
1247 594 1446 636 exponunt
1472 588 1684 637 predictam
1714 587 1776 624 de·
1791 584 1920 614 Decret.

163 642 256 667 which
269 651 326 667 was
795 660 801 666 .
855 661 860 666 .
1101 661 1105 666 .
1177 660 1183 666 .
1481 659 1486 665 .
1520 659 1526 665 .
1673 659 1679 665 .
1790 627 1899 658 causa
1915 626 1958 659 Xi-

163 675 281 701 allowed
295 681 323 701 to
336 683 401 708 pass
446 659 625 696 cretalem
653 659 694 695 de
721 664 927 696 mazorztale
950 664 984 696 el
1003 660 1203 696 obedzencza
1231 659 1279 696 ad
1303 671 1458 696 sensum
1478 660 1529 696 lbl
1549 664 1776 707 expositum,
1792 671 1832 710 Q,
1850 671 1870 701 i,
1888 681 1914 701 c.
1934 670 1973 700 28

164 709 379 742 unchallenged.
444 737 480 767 et
507 731 642 767 beatus
669 729 888 767 Bernardus
913 730 1062 780 scripsit
1081 731 1185 767 illam
1206 731 1443 768 sentenciam
1464 742 1565 779 pape
1584 730 1763 778 Eugenio

443 801 589 838 videtur
610 801 715 851 quod
736 801 785 838 illi
806 808 1082 839 consenserant
1102 801 1364 851 approbando.
1417 801 1675 839 Taciturnitas
1696 801 1778 850 qui-
1791 802 1861 832 init.

443 872 533 909 dem
560 872 598 908 in
625 872 689 909 tali
716 884 807 909 casu
834 879 890 909 est
910 885 987 909 una
1008 873 1153 922 species
1175 885 1397 918 consensus,
1418 879 1458 909 ut
1478 879 1582 921 patet
1602 884 1650 909 ex
1671 872 1780 909 dictis

1790 716 1820 745 &
1838 725 1864 745 c.
1884 713 1975 744 xxiii.

1767 760 1775 775 '
1792 758 1832 798 Q.
1845 757 1913 788 viii.
1925 756 1986 788 sub

444 944 492 981 de
519 956 712 981 consensu
739 950 776 980 et
805 943 984 980 fundatur
1005 944 1233 981 sufficienter
1258 943 1297 982 in
1321 944 1479 981 assimili
1500 943 1685 981 Iohannis
1704 943 1776 989 viii,
1791 948 1879 990 John
1895 948 1964 980 viii.

443 1015 508 1052 ubi
525 1015 653 1052 Iudeis
670 1015 941 1063 inponentibus
957 1014 1083 1052 Cristo
1099 1014 1234 1052 Nonne
1248 1015 1329 1052 bene
1343 1013 1360 1033 *
1377 1016 1531 1052 dicimus
1550 1016 1639 1064 quia
1654 1027 1777 1052 sanza-
1790 993 1843 1067 ‘2483'
1856 1046 1888 1068 a·

444 1087 593 1123 ritanus
614 1099 649 1122 es
668 1090 708 1121 tu
727 1090 760 1122 el
776 1087 980 1122 demonium
1001 1086 1141 1123 habes?
1170 1086 1336 1135 primum
1352 1086 1515 1123 tacendo
1533 1086 1723 1124 concessit
1743 1092 1781 1123 et

445 1157 659 1195 secundum
686 1157 848 1206 negavit.
905 1157 1002 1206 Ego,
1024 1158 1155 1206 inquit,
1178 1159 1378 1194 demonium
1399 1171 1469 1194 non
1490 1158 1608 1194 habeo.
1665 1156 1781 1194 Unde

446 1241 514 1278 per
543 1228 654 1265 istam
684 1229 896 1265 maximam
926 1230 1092 1278 probant
1122 1229 1299 1267 doctores
1329 1229 1417 1266 iuris
1443 1228 1619 1266 canonici
1643 1229 1781 1265 multas

446 1299 715 1337 conclusiones
732 1300 779 1337 de
797 1312 898 1349 papa
919 1313 966 1337 ex
987 1299 1063 1338 hoc
1079 1300 1184 1350 quod
1199 1300 1273 1337 tale
1290 1312 1388 1349 opus
1409 1300 1573 1337 scienter
1587 1300 1781 1349 permittit.

448 1372 550 1409 Cum
577 1372 687 1421 igitur
710 1372 883 1421 permisit
913 1379 1012 1409 stare
1039 1372 1276 1409 sentenciam
1302 1373 1503 1409 beatorum
1523 1371 1718 1408 Ambrosii
1745 1377 1782 1408 et
1798 1382 1835 1414 15

448 1443 633 1480 Bernardi
672 1444 988 1493 inexpugnatam,
1031 1449 1068 1480 et
1105 1443 1258 1480 indubie
1297 1443 1355 1480 vel
1394 1449 1450 1480 est
1480 1442 1691 1480 catholica1
1725 1442 1782 1479 vel

447 1515 625 1560 heretica,
660 1515 807 1552 videtur
837 1515 943 1564 quod
980 1515 1065 1564 plus
1099 1522 1234 1564 postea
1267 1515 1468 1552 notando2
1503 1514 1782 1560 Bernhardum‚

449 1588 529 1624 sine
559 1586 814 1635 imposicione
845 1598 979 1623 sensus
1009 1586 1163 1623 heretici
1192 1598 1329 1623 omnes
1358 1586 1529 1636 quinque
1558 1586 1673 1623 libros
1702 1586 1784 1623 eius

450 1658 534 1696 ‘De
565 1656 901 1705 consideracione,’
934 1664 1122 1707 quantum
1156 1658 1195 1694 in
1230 1670 1276 1695 eo
1309 1658 1378 1695 fuit
1408 1658 1535 1707 patule
1568 1658 1783 1703 confirmat,

450 1737 487 1768 et
515 1742 583 1779 per
613 1742 855 1779 consequens
885 1730 950 1779 qui
984 1729 1225 1779 pertinaciter
1259 1729 1428 1766 defendit
1461 1729 1693 1766 contrarium
1726 1734 1782 1766 est
1797 1744 1838 1765 20

449 1802 649 1839 hereticus.
717 1801 802 1839 Nec
838 1802 1022 1850 scriptura
1055 1800 1180 1850 pape3
1214 1800 1254 1837 in
1289 1800 1572 1850 qualicunque4
1607 1800 1785 1838 decretali

450 1873 611 1922 epistula
638 1880 694 1910 est
721 1873 878 1910 maioris
906 1872 1137 1909 auctoritatis
1160 1884 1277 1921 quam
1298 1872 1462 1921 quelibet
1485 1872 1585 1909 bulla
1613 1884 1691 1918 sua,
1713 1872 1785 1909 nisi

448 1945 545 1983 forte
579 1944 767 1982 maiorem
806 1943 1068 1981 auctoritatem
1108 1943 1318 1992 susceperit
1348 1955 1394 1980 ex
1430 1943 1622 1992 scriptura.
1690 1943 1785 1980 Ideo

449 2016 556 2053 illum
584 2016 723 2052 librum
748 2015 849 2052 beati
874 2014 1086 2052 Bernhardi
1110 2020 1257 2051 tenetur
1281 2014 1462 2063 precipue
1482 2020 1561 2050 tam
1581 2026 1628 2051 ex
1649 2014 1786 2051 funda-

450 2088 562 2125 cione
597 2087 780 2135 scripture
815 2098 932 2134 quarn
967 2098 1014 2122 ex
1048 2085 1355 2122 auctorisacione
1390 2085 1686 2134 approbacionis
1719 2097 1785 2122 sue
1801 2094 1838 2126 25

170 2167 264 2193 Those
277 2166 340 2192 who
354 2167 429 2199 deny
450 2159 563 2195 tacite
588 2157 826 2195 confirmare.
883 2157 934 2193 Et
955 2162 1058 2205 patet
1079 2156 1183 2205 quod
1206 2156 1269 2193 illa
1290 2156 1456 2193 heretica
1475 2156 1687 2205 imposicio,
1709 2168 1784 2205 qua
1798 2163 1841 2192 Gr.

170 2202 232 2227 that
245 2200 380 2233 temporal

170 2235 437 2301 gggcseffizycdss-mh
451 2229 669 2266 diffamatur
704 2228 817 2265 istam
849 2227 1080 2265 catholicam
1113 2227 1309 2264 veritatem
1348 2239 1432 2264 esse
1465 2227 1674 2264 hereticam
1707 2227 1790 2264 licet

170 2301 419 2368 ffifeistgrtgsggffifflig
451 2301 609 2338 dominis
638 2299 895 2348 temporalibus
923 2299 1084 2349 aufferre
1113 2298 1206 2335 bona
1235 2299 1450 2347 temporalia
1480 2299 1525 2336 ab
1554 2300 1700 2335 ecclesia
1729 2299 1787 2334 de-

171 2370 409 2435 ζέᾒῑέςδῐῑὲῗξξί)
451 2373 642 2420 linquente,
674 2370 802 2408 obviat
835 2369 1091 2419 multipliciter
1126 2370 1195 2407 sibi
1226 2370 1311 2418 ipsi,
1343 2370 1468 2418 primo
1499 2370 1538 2406 in
1572 2370 1646 2407 hoc
1681 2369 1787 2419 quod

171 2437 704 2503 {ffiffissgnffissg‘gvffhereticarent
742 2441 835 2478 illud
868 2440 975 2491 quod
1008 2441 1096 2478 licet
1129 2441 1297 2478 dominis
1330 2440 1471 2489 Anglie
1506 2440 1651 2478 auferre
1682 2441 1786 2478 bona
1800 2449 1841 2480 30

172 2505 306 2537 England
320 2513 385 2536 may
398 2513 429 2530 so

173 2545 218 2564 act
232 2538 299 2563 with
314 2538 413 2570 regard

173 2571 441 2638 ῗτζξξξῑῗᾛξᾎζὲ
453 2591 598 2622 tantam
624 2584 683 2621 vel
714 2583 847 2621 saltem
876 2583 1064 2621 maiorem
1098 2583 1396 2621 iurediccionem
1434 2583 1573 2620 habere
1607 2583 1646 2620 in
1684 2583 1787 2620 illam

174 2639 421 2705 ἶῗυῗὲὴὸἶῖῗῐᾎέῗ
454 2655 656 2693 ecclesiam
686 2667 802 2704 quam
832 2655 870 2691 in
901 2667 1010 2692 suam
1040 2654 1304 2700 domesticam,
1332 2666 1403 2691 nec
1429 2660 1535 2691 tanta
1561 2654 1705 2692 heresis
1729 2655 1788 2692 vel

173 2707 256 2737 land3
276 2706 319 2739 (ii)
332 2706 356 2732 if
364 2706 412 2732 the

453 2512 678 2562 temporalia
699 2513 748 2549 ab
768 2512 931 2550 ecclesia
946 2512 1106 2549 Francie
1121 2511 1374 2561 delinquente.
1415 2511 1506 2549 Non
1523 2512 1625 2549 enim
1641 2512 1788 2549 videtur

453 2734 533 2764 tam
567 2727 715 2775 ingrata
744 2726 879 2763 iniuria
908 2738 976 2775 per
1005 2725 1149 2762 clerum
1180 2725 1338 2763 Francie
1369 2725 1407 2761 in
1440 2725 1618 2763 dominos
1648 2726 1787 2775 Anglie

499 2822 508 2840 ¹
532 2822 725 2860 catholicus,
745 2829 779 2852 A.
870 2820 882 2837 ²
904 2820 1058 2856 notanda,
1076 2828 1108 2851 A.
1198 2820 1210 2839 ³
1233 2831 1320 2862 papa
1331 2826 1396 2861 pro
1412 2831 1506 2861 pape,
1528 2825 1557 2852 et
1573 2832 1647 2862 pap.
1667 2822 1789 2862 script„

455 2875 521 2906 ord.
540 2875 621 2913 inv„
641 2882 673 2905 A.
764 2874 774 2891 '¹
799 2883 997 2914 quacunque,
1018 2881 1046 2903 Β.
