2051 3299
195 231 277 273 194
896 228 961 260 DE
991 226 1187 259 OFFICIO
1220 226 1377 259 REGIS.

189 348 260 373 from
273 346 437 379 CivilLaw‚
468 333 507 370 in
527 339 716 383 quantum
736 339 793 371 est
825 332 962 371 doctor
994 332 1179 370 civilitatis
1209 343 1372 369 romane
1401 343 1519 380 quam
1547 331 1587 368 in
1608 335 1796 381 quantum

189 382 246 407 and
256 390 308 407 can
321 382 355 407 be
539 404 546 411 .
615 404 622 412 .
652 404 659 411 .
708 404 714 412 .
782 404 788 410 .
840 404 846 411 .
990 404 997 410 .
1297 403 1302 409 .
1370 402 1378 411 .
1556 403 1562 410 .
1637 403 1644 410 .

189 415 362 441 understood
376 415 456 441 with.
469 410 526 442 est
537 410 764 441 lusticlarrus
779 416 868 441 iurls
882 403 1033 453 Anglle.
1080 403 1132 440 Et
1151 415 1325 452 quamvis
1337 403 1349 422 ¹
1368 415 1427 440 1us
1446 403 1599 452 Anghe,
1616 409 1713 440 slcut
1732 409 1771 439 et
1783 400 1798 421 ²

189 454 238 474 out
249 454 278 475 η’
467 476 527 513 ius
546 487 750 513 romanum
774 475 819 512 sit
833 475 845 495 ³
864 475 1123 512 necessarium
1135 475 1149 494 4
1168 474 1217 511 ad
1242 473 1476 512 intellectum
1496 474 1586 511 iuris
1607 473 1794 519 canonici,

467 547 535 584 sed
564 547 621 584 ius
642 546 868 584 Romanum
898 546 1145 593 necessarius,
1166 551 1295 583 tamen
1326 545 1386 582 ius
1413 545 1644 583 canonicum
1669 551 1797 594 potest

465 617 633 667 perfecte
672 617 757 655 sciri
796 617 836 653 in
874 629 943 655 sua
981 617 1144 666 puritate
1185 617 1266 654 sine
1305 617 1386 654 iure
1424 616 1534 654 civili.
1593 616 1700 653 Nam'
1737 615 1827 652 ius5

464 689 627 726 ecclesie
652 701 732 726 non
765 688 905 737 accipit
934 688 1202 725 auctoritatem
1234 700 1256 725 a
1287 687 1366 725 iure
1395 688 1506 733 civili,
1535 699 1624 725 cum
1654 687 1700 724 sit
1729 687 1795 724 illo

464 760 659 809 superius;
702 772 773 797 nec
807 760 917 797 obest
951 759 1023 796 sibi
1056 759 1163 808 quod
1201 758 1358 796 civilitas
1392 758 1440 796 sit
1478 758 1549 796 sibi
1588 758 1793 796 contraria.

463 830 560 868 Ideo
592 830 780 880 allegacio
810 830 902 868 iuris
933 830 1048 867 civilis
1082 829 1131 867 ad
1164 831 1282 867 robur
1312 829 1401 867 iuris
1439 829 1617 867 canonici
1645 829 1794 867 videtur

462 901 665 951 superflua,
704 913 791 939 cum
829 913 955 950 neque
1000 900 1126 938 maius
1173 913 1299 951 neque
1338 901 1466 938 minus
1504 907 1562 938 est
1604 900 1793 938 laudabile

460 979 617 1022 propter
662 973 799 1022 ipsum.
869 971 1015 1010 Modus
1053 978 1183 1010 autem
1220 972 1406 1021 arguendi
1452 984 1500 1009 ex
1547 971 1793 1021 philosophia
1810 986 1849 1008 10

460 1044 609 1093 capitur
645 1051 682 1082 et
720 1045 918 1093 scriptura,
955 1056 1027 1081 nec
1065 1050 1122 1082 est
1153 1043 1235 1080 vis⁵
1268 1043 1375 1094 quod
1412 1043 1530 1081 multe
1567 1043 1676 1093 glose
1714 1056 1790 1093 que

459 1115 632 1152 alludunt
660 1115 826 1153 civilitati
857 1115 896 1152 in
922 1115 1003 1152 iure
1032 1116 1223 1152 canonico
1254 1115 1486 1163 ignorentur.
1544 1113 1660 1160 Quid,
1681 1126 1789 1164 rogo,
1806 1126 1851 1155 41
1867 1134 1897 1155 a.

459 1188 659 1234 sacerdoti,
677 1188 742 1238 qui
758 1187 885 1225 solum
902 1188 1015 1225 debet
1030 1188 1227 1225 intendere
1243 1187 1456 1225 auctoritati
1477 1186 1669 1236 scripture,
1684 1186 1792 1237 quod

178 1267 229 1297 (iii)
241 1268 303 1293 The
318 1268 386 1294 Law
398 1269 431 1295 of
459 1259 668 1308 imperator
687 1260 776 1297 dicit
796 1259 959 1296 eandem
980 1259 1245 1297 sentenciam?
1302 1258 1447 1304 Quoad
1468 1265 1525 1306 3111
1544 1257 1792 1296 manifestum

179 1302 262 1327 Arms
275 1311 367 1327 comes

178 1335 448 1396 3Ξῖἷὶἓῖεὲῗὲῗὲ
460 1337 526 1377 est,
563 1342 652 1368 cum
690 1330 818 1368 omnis
849 1330 985 1368 veritas
1020 1330 1068 1367 sit
1102 1330 1142 1367 in
1181 1330 1377 1379 scriptura,
1410 1336 1451 1367 ut
1489 1329 1624 1367 dicitur
1664 1336 1708 1367 20
1743 1329 1791 1367 de
1810 1341 1847 1376 15

178 1401 393 1469 ζῗιζζξξῐξξέτῑὲὶ
406 1403 434 1429 in
459 1401 635 1439 doctrina
654 1401 833 1439 cristiana
851 1402 891 1438 in
913 1402 999 1448 fine,
1020 1401 1126 1451 quod
1153 1413 1384 1451 quecunque
1404 1401 1465 1438 lex
1486 1412 1684 1437 armorum
1712 1413 1794 1439 non

458 1472 631 1510 habuerit
661 1473 928 1511 auctoritatem
959 1485 1008 1510 ex
1043 1473 1231 1522 scriptura
1263 1473 1378 1510 debet
1408 1471 1539 1521 repelli
1572 1478 1615 1509 ut
1648 1471 1792 1521 iniqua.

458 1543 575 1581 Unde
602 1544 649 1582 de
682 1544 811 1581 multis
841 1544 989 1593 legibus
1019 1556 1216 1581 armorum
1246 1555 1342 1593 quas
1376 1543 1589 1593 scriptura⁶
1622 1543 1790 1592 explicat

458 1615 596 1653 sufficit
615 1621 691 1653 tres
712 1627 844 1653 earum
864 1615 1066 1661 adducere,
1088 1627 1251 1665 quarum
1270 1615 1435 1664 primam
1455 1614 1635 1664 explanat
1655 1615 1790 1652 beatus

457 1686 689 1724 Ambrosius
728 1687 767 1723 in
804 1687 902 1724 libro
940 1687 1065 1736 primo
1110 1687 1157 1724 de
1205 1686 1439 1736 patriarchis,
1479 1693 1520 1724 et
1556 1686 1711 1736 ponitur
1748 1685 1788 1722 in
1803 1686 2010 1726 Ambrosius,

1757 1758 1763 1765 .
1801 1729 2010 1762 DePatriarc.
2050 1742 2051 1749 ¹

177 1767 425 1795 Threeinstances
458 1758 619 1796 decretis
653 1758 745 1795 xxiii
779 1771 816 1808 q.
850 1771 896 1805 v.,
932 1758 999 1795 ubi
1033 1757 1207 1795 alludens
1244 1757 1412 1806 hystorie
1448 1757 1589 1795 Genes.
1622 1757 1699 1794 xiiii
1733 1769 1788 1795 sic
1804 1773 1880 1806 Lib.
1892 1774 2009 1806 Lcjfi,

177 1803 434 1862 ‹tarfasticgsspgssrfilssnus
458 1830 648 1879 loquitur:
697 1828 818 1866 Dicat
861 1830 1010 1878 aliquis,
1051 1842 1132 1866 cum
1182 1830 1256 1878 ipse
1301 1829 1443 1875 vicerit,
1484 1829 1655 1876 quomodo
1702 1829 1795 1866 dicit
1804 1825 1934 1857 Decret-

176 1870 388 1930 Ξῖᾍῧξὲᾞιιέ
399 1870 448 1930 iiie
459 1900 658 1937 Abraham
674 1901 728 1937 ad
739 1913 858 1949 regem
873 1900 1112 1938 Sodomorum
1130 1901 1271 1937 ‘nictzz't
1286 1912 1429 1936 sumam
1445 1899 1509 1936 abs
1521 1897 1568 1936 te’
1583 1912 1663 1936 cum
1668 1901 1789 1948 preda
1804 1875 1994 1952 (ᾦξΧέῙέ5

177 1937 256 1970 ng
269 1937 420 1965 ofSodom.
458 1972 580 2019 utique
600 1972 639 2007 in
649 1976 823 2020 potestate
843 1972 994 2008 victoris
1000 1972 1140 2022 fuerit,
1161 1972 1257 2007 decet
1273 1971 1470 2007 militarem
1490 1972 1725 2020 disciplinam
1746 1976 1790 2008 ut

456 2043 543 2090 regi
575 2047 766 2079 serventur
803 2044 936 2079 omnia.
1006 2041 1107 2080 Sane
1143 2043 1219 2079 lzz'is
1265 2043 1334 2090 qui
1366 2055 1484 2079 secum
1513 2043 1697 2091 fuissent,
1738 2043 1792 2079 ad
1803 2046 1886 2079 Gen.
1904 2047 1969 2079 xiv.

456 2114 706 2150 adiumentum
727 2114 898 2164 sortasse
930 2113 1096 2159 sociati7,
1126 2117 1273 2162 partem
1307 2113 1525 2149 emolimenti
1556 2113 1786 2150 tribuendam
1805 2100 1924 2131 ²¹—24’

456 2185 594 2221 asserti
618 2188 793 2232 tanquam
828 2185 1017 2221 mercedem
1051 2184 1190 2220 laboris
1223 2185 1374 2232 excepit.
1430 2182 1585 2232 Ideoque
1611 2185 1784 2232 quoniam

455 2256 647 2293 mercedem
667 2255 743 2292 sibi
756 2255 802 2292 ab
814 2255 957 2292 homine
976 2267 1047 2291 non
1067 2255 1225 2302 quesivit
1241 2267 1264 2290 a
1284 2255 1345 2291 deo
1364 2255 1509 2303 accepit,
1522 2256 1620 2292 sicut
1632 2256 1785 2304 legimus

454 2328 644 2375 scriplum,
676 2327 763 2375 quia
792 2330 881 2374 post
907 2326 969 2362 hec
994 2325 1104 2362 verba
1122 2325 1278 2375 sactum
1305 2330 1359 2362 est
1386 2326 1535 2362 verbum
1568 2327 1712 2363 domini
1738 2327 1791 2363 ad

455 2398 653 2435 Abrabam
685 2399 725 2434 iu
753 2398 836 2434 visu
869 2398 1001 2442 dicens,
1026 2397 1146 2435 ‘Noli
1169 2398 1293 2434 timere
1321 2397 1517 2434 Abraham
1532 2411 1551 2441 ,·
1580 2411 1643 2446 ego
1663 2402 1788 2447 prote·
1803 2404 1885 2437 Gen.
1902 2415 1954 2436 xv.
1975 2413 2003 2436 1.

448 2482 540 2518 gam
561 2473 602 2514 te,
622 2473 656 2505 et
673 2481 805 2505 merces
824 2472 888 2505 tua
903 2469 976 2504 erit
988 2480 1126 2516 magna
1146 2465 1272 2504 valde?
1322 2467 1436 2505 Unde
1457 2468 1488 2505 si
1508 2468 1569 2504 lex
1590 2480 1786 2506 armorum

454 2539 662 2577 rectificata
688 2539 820 2576 fuisset
843 2551 937 2588 pure
970 2538 1190 2588 theologica
1220 2538 1396 2576 facultate
1427 2551 1626 2588 nunquam
1655 2538 1789 2577 fuisset

455 2611 494 2647 in
536 2610 698 2648 ecclesia
744 2616 848 2648 tanta
895 2609 1136 2658 perturbacio
1183 2621 1230 2646 ex
1270 2609 1517 2658 opinionibus
1564 2609 1788 2659 preliorum.

499 2774 509 2792 ¹
533 2779 700 2815 quantum,
717 2783 750 2805 Α.
855 2772 868 2790 ²
890 2778 932 2810 et,
948 2784 1011 2805 om.
1028 2781 1062 2805 A.
1166 2772 1177 2789 ³
1202 2773 1253 2812 sit,
1270 2784 1331 2805 om.
1350 2781 1383 2804 A.
1489 2773 1500 2791 ⁴²
1522 2771 1730 2812 necessarius,
1748 2781 1782 2804 A.

456 2826 467 2842 ⁵
491 2827 540 2857 ius
557 2831 621 2867 pro
636 2827 695 2865 vis,
715 2834 743 2857 B.
838 2827 849 2844 ὓ
873 2836 910 2857 ex
927 2830 1003 2857 ante
1019 2825 1187 2867 scriptura,
1205 2825 1277 2856 add.
1296 2833 1329 2856 Α.
1420 2824 1431 2841 ⁷
1455 2826 1579 2862 saciati,
1598 2833 1632 2856 A.
