2051 3299
716 221 780 253 DE
813 221 1007 254 OFFICIO
1040 220 1196 254 REGIS.
1818 223 1899 264 247

295 324 411 363 nichil
433 325 647 375 possidetur
672 324 733 364 hic
761 326 871 364 titulo
898 326 988 364 iuris
1011 326 1171 363 humani
1198 326 1270 363 nisi
1297 326 1520 365 auctoritate
1541 326 1620 364 Im-

294 395 424 444 periali
443 395 501 434 vel
531 396 646 446 regia,
670 403 711 434 ut
739 397 877 446 allegat
905 397 1036 446 glossa
1064 397 1205 435 decreti
1234 396 1441 444 Ambrosii,
1462 404 1500 435 et
1527 410 1621 435 con-

294 465 465 503 firmatur
484 479 531 504 ex
553 468 738 516 scriptura
758 469 996 517 approbante
1017 479 1223 505 romanum
1250 468 1452 517 imperium
1479 468 1518 505 in
1542 479 1621 517 quo

292 543 443 585 oportet
460 536 641 576 Cesarem
655 549 694 575 se
714 537 855 575 habere
875 538 925 575 ad
940 544 1063 575 totum
1077 538 1281 587 imperium
1297 538 1406 576 sicud
1419 538 1599 588 regulum
1610 536 1624 557 ²

260 606 351 649 5vel
383 607 592 645 secularem
620 607 822 645 dominum
851 608 900 645 ad
929 608 1021 646 illud
1051 620 1164 657 super
1197 620 1276 658 quo
1310 608 1427 646 habet
1459 609 1622 658 capitale

74 683 168 715 Luke
183 683 229 715 iii.
249 692 278 717 1.

292 676 518 715 dominium.
574 677 690 716 Unde
713 684 849 716 notant
872 678 979 716 Beda
1006 685 1043 716 et
1063 679 1125 716 alii
1150 679 1272 716 sancti
1293 691 1410 728 super
1429 679 1495 717 illo
1515 679 1622 717 Luce

293 753 348 796 3⁰,
387 747 500 785 Anno
542 747 625 786 xv²
656 748 817 798 Imperz'z'
849 749 993 786 Tiberii
1029 748 1195 795 Cesarzk,
1237 749 1437 799 quomodo
1475 748 1623 787 Cristus

291 824 402 856 natus
440 825 497 857 est
526 825 700 869 tempore
733 820 1030 869 completissime
1064 819 1299 869 quietissime
1324 826 1363 857 et
1387 821 1623 858 convenien-

291 890 434 928 tissime
462 890 696 936 monarchie‚
718 896 756 928 et
785 890 888 928 illam
917 890 1106 940 approbat
1136 890 1176 927 in
1204 889 1376 927 futurum
1405 897 1484 928 tam
1506 891 1623 930 verbo

237 977 280 1002 10
292 973 410 1010 quam
430 973 557 1010 opere.
616 961 808 1008 Quattuor
828 968 957 999 autem
979 961 1168 999 tetrarche
1189 961 1229 998 in
1248 968 1349 999 terra
1370 961 1485 999 Cristi
1506 962 1623 1012 signi-

73 1139 102 1170 Ο

291 1031 408 1069 ficant
437 1032 667 1070 divisionem
695 1038 733 1070 et
763 1032 1073 1070 destruccionem
1102 1045 1151 1070 ex
1181 1032 1366 1070 demerito
1395 1033 1519 1082 gentis
1541 1045 1622 1071 sue.

291 1101 476 1139 Tercium
513 1114 603 1140 vero
640 1103 904 1140 testimonium
941 1110 998 1141 est
1036 1103 1181 1141 dictum
1219 1102 1321 1140 beati
1360 1102 1538 1152 Gregorii
1579 1103 1619 1140 in
1631 1120 1655 1144 3.
1670 1110 1698 1139 S.
1712 1110 1851 1146 Gregory.

73 1162 277 1223 S.'Greg0ry.
292 1172 482 1222 Registm,
495 1173 593 1211 libro
608 1174 725 1211 tercio
738 1186 868 1211 versus
884 1173 1014 1219 finem,
1030 1174 1097 1211 ubi
1110 1174 1163 1212 sic
1177 1173 1344 1223 loquitur
1364 1174 1411 1212 de
1429 1173 1619 1212 Mauricio

288 1244 466 1293 Augusto
499 1244 700 1282 ordinante
731 1257 879 1283 sacram
907 1244 1034 1294 legem
1063 1244 1111 1283 de
1140 1244 1287 1282 clericis
1316 1244 1422 1294 quod
1451 1256 1532 1282 non
1561 1245 1621 1281 in-

237 1327 276 1360 15
290 1314 450 1353 tendant
472 1315 707 1353 secularibus
733 1315 916 1365 negociis.
974 1315 1045 1352 Ad
1066 1316 1143 1362 lzoc,
1172 1315 1308 1365 inquit,
1325 1319 1487 1364 potestas
1512 1322 1623 1365 super

72 1389 122 1419 50
139 1389 174 1420 d.

290 1399 409 1424 omnes
440 1386 600 1424 homines
626 1384 645 1406 *
667 1387 815 1436 prelati
843 1387 1072 1424 dominorum
1105 1399 1265 1424 meorum
1298 1387 1425 1423 celitus
1454 1387 1543 1423 data
1572 1391 1626 1425 est

289 1462 333 1496 ul
343 1459 413 1507 qui
427 1457 518 1496 bona
538 1462 713 1508 appetunt
728 1459 952 1496 adiuventur
970 1462 1014 1495 ut
1030 1459 1167 1495 clerum
1188 1459 1252 1495 via
1272 1458 1421 1507 largius
1427 1461 1565 1507 pateat,
1582 1462 1625 1495 ut

289 1533 475 1567 terrenum
508 1542 665 1579 regnum
698 1530 820 1566 celesti
846 1542 957 1579 regno
973 1530 1203 1580 famuletur.
1258 1528 1363 1567 Ecce
1398 1528 1622 1567 dominacio

289 1600 558 1650 temporalium
590 1600 809 1650 principum
844 1612 959 1649 super
989 1612 1127 1639 omnes
1169 1605 1453 1645 conversanteS,
1482 1606 1521 1638 et
1553 1612 1622 1649 per

238 1682 279 1705 20
291 1682 535 1721 consequens
551 1683 664 1721 super
683 1671 827 1710 clerum
848 1683 960 1708 suum
981 1677 1018 1709 et
1042 1671 1173 1709 omnia
1192 1671 1296 1708 bona
1315 1682 1396 1716 sua,
1412 1670 1451 1707 in
1471 1676 1622 1708 tantum

71 1814 202 1846 Decret.

72 1858 112 1889 C.
126 1865 231 1889 xxnr.

72 1901 116 1941 Q.
132 1901 178 1932 iii.
196 1911 222 1932 c.
236 1900 266 1932 6.

71 1955 172 1996 Corp.
188 1956 256 1996 Jur.

72 1998 144 2030 Civ.
159 1999 247 2032 Coll.

71 2049 107 2073 X.

73 2241 209 2282 Wyclif,

72 2285 125 2316 De
142 2286 239 2319 Civil.

72 2329 213 2362 Domin.

70 2374 144 2407 Lib.
163 2381 218 2405 111.

289 1742 396 1792 quod
414 1741 624 1791 imperator
646 1741 818 1780 condidit
836 1741 941 1791 leges
961 1754 1089 1780 sacras
1109 1754 1180 1791 pro
1203 1741 1305 1779 clero
1327 1754 1409 1787 suo,
1430 1747 1472 1779 ut
1490 1741 1623 1779 recitat

288 1812 350 1851 hic
388 1812 598 1862 Gregorius
636 1812 685 1851 de
724 1811 926 1850 Mauricio.
956 1812 1168 1851 Decretum
1206 1813 1329 1850 eciam
1365 1812 1467 1850 xxiv.
1501 1824 1538 1862 q.
1573 1812 1622 1851 iii.

289 1883 367 1920 ‘De
394 1884 525 1920 z'llz'cz'la
554 1882 913 1921 excomunz'cacz'one'
935 1883 1074 1933 allegat
1099 1883 1226 1933 legem
1251 1895 1401 1921 sacram
1425 1883 1623 1921 conditam

288 1967 311 1992 a
342 1955 568 2002 Iustiniano,
602 1961 640 1993 et
673 1955 885 1993 collacione
921 1968 956 1993 x.
991 1961 1058 1993 ca0
1086 1955 1203 1993 unico
1232 1955 1387 2005 ponitur
1414 1954 1531 1992 tercia
1559 1954 1622 1991 lex

290 2038 397 2064 sacra
416 2026 571 2064 condita
589 2038 612 2063 a
633 2025 901 2064 Constantino.
958 2025 1053 2064 Non
1078 2026 1225 2064 videtur
1253 2038 1347 2075 ergo
1373 2025 1478 2063 racio
1502 2037 1619 2076 quare
1633 2030 1865 2090 Ξξῖξηέἓξὲοές

290 2097 504 2146 Imperator
523 2109 604 2135 non
622 2097 780 2135 haberet
799 2096 913 2134 hodie
929 2103 1078 2135 tantum
1094 2097 1321 2144 dominium,
1338 2108 1429 2135 cum
1444 2102 1619 2146 ternpore
1632 2098 1716 2124 much
1728 2098 1873 2136 d9m1ss101²

1632 2141 1695 2157 now
1707 2140 1738 2157 as
1756 2140 1784 2157 m
1797 2132 1846 2157 the

290 2168 452 2206 istorum
481 2174 702 2207 sanctorum
726 2167 800 2206 hoc
827 2168 1135 2217 approbancium
1162 2168 1301 2206 rectius
1329 2173 1367 2205 et
1399 2167 1619 2217 expedicius
1632 2165 1834 2226 {gffigfthffl

290 2251 409 2289 quam
432 2238 552 2277 modo
579 2239 740 2277 ecclesia
767 2239 940 2276 militavit
952 2238 977 2277 ³.
1035 2238 1245 2286 Quantum
1267 2238 1317 2276 ad
1344 2238 1446 2276 istud
1474 2238 1620 2276 dictum

290 2317 346 2348 est
361 2311 458 2348 libro
473 2310 592 2348 tercio
607 2310 743 2348 diffuse
759 2310 959 2360 quomodo
975 2311 1179 2349 occasione
1194 2310 1346 2360 peccati
1360 2309 1621 2348 introductum

291 2388 348 2420 est
377 2381 484 2420 civile
518 2381 732 2427 dominum,
765 2393 855 2418 cum
885 2381 925 2418 in
959 2387 1059 2419 statu
1095 2381 1321 2419 innocencie
1358 2392 1439 2419 non
1476 2379 1620 2426 fuisset,

290 2459 326 2490 et
345 2458 434 2502 post
453 2452 603 2502 lapsum
623 2459 796 2501 tempore
820 2452 1019 2501 utriusque
1045 2452 1263 2489 testamenti
1289 2452 1341 2489 illi
1361 2452 1426 2501 qui
1446 2452 1622 2490 vixerunt

290 2523 504 2573 perfeccius
538 2523 631 2560 illud
661 2522 877 2560 dominium
896 2523 1121 2561 abimerunt.
1179 2522 1283 2561 Nam
1306 2522 1500 2560 vinculum
1526 2522 1620 2560 cari·
1633 2533 1695 2559 The
1707 2532 1782 2559 hond
1796 2532 1829 2559 of

1633 2566 1744 2599 charity
1757 2567 1780 2592 is
1792 2567 1841 2592 the

291 2594 391 2639 tatis,
412 2593 600 2631 subducto
628 2594 764 2631 timore
794 2593 931 2639 servili,
963 2599 1021 2631 est
1055 2593 1132 2643 liga
1161 2594 1308 2643 optima
1338 2605 1415 2644 qua
1443 2593 1903 2666 Ιιοῐηίηθεῗὲῐεξῖξῗὲὖὲἒὲὴγ

239 2671 278 2704 35
295 2676 336 2702 se
373 2665 556 2703 iuvarent.
623 2663 700 2702 Sed
737 2664 935 2714 supposita
972 2664 1240 2703 inobediencia
1277 2671 1315 2703 et
1353 2664 1620 2705 contrarietate

335 2767 346 2786 ¹
370 2768 519 2809 regulum
535 2767 656 2799 emend.
675 2767 762 2799 Edd.
773 2772 836 2809 pro
852 2767 1009 2809 regulam,
1030 2775 1065 2807 A,
1083 2776 1117 2799 Β.
1352 2768 1364 2785 ²
1387 2778 1439 2808 xv,
1457 2776 1502 2808 A;
1526 2773 1573 2808 5⁰,
1589 2776 1620 2800 Β.

292 2818 304 2836 ³
328 2819 483 2851 militavit
499 2819 636 2852 ecclesia
652 2830 750 2861 quam
766 2819 876 2859 modo,
894 2820 961 2851 ord.
979 2820 1048 2851 inv.
1066 2827 1098 2853 Β.
