2051 3299
692 234 755 264 DE
787 232 980 265 OFFICIO
1015 231 1174 263 REGIS.
1805 228 1882 271 157

274 340 338 390 qui
359 351 439 377 non
460 339 665 389 proficiunt
689 338 851 388 pastoris
880 336 1050 375 officium
1074 335 1178 373 fures
1204 340 1291 373 sunt
1323 340 1360 372 et
1391 334 1562 372 latrones
1576 332 1602 380 ¹,

273 417 312 448 et
336 410 429 447 tales
458 409 674 447 accelerant
693 408 868 446 nonnulli
889 407 1094 445 defendere
1113 412 1150 444 et
1171 406 1244 443 de²
1265 405 1444 443 adulteris
1461 406 1602 455 quibus

273 481 523 519 consenciunt
556 480 733 517 dicuntur
766 479 905 516 habere
939 478 1110 515 animam
1140 478 1377 526 porcionem,
1407 483 1444 514 et
1473 488 1603 514 revera

274 552 372 589 inter
404 563 540 589 omnes
570 550 713 599 gradus
742 549 974 587 infidelitatis
1005 555 1122 598 atque
1150 548 1302 597 periurii
1335 548 1430 584 tales
1462 547 1602 596 periuri
1616 549 1672 609 igsos
1679 549 1781 609 ίξῗξθζξ
1783 548 1862 615 ἒξξᾶι

245 623 401 663 5forent
437 621 686 659 infidelissimi
722 621 804 670 regi
841 632 923 657 suo.
998 618 1114 656 Unde
1159 618 1312 668 signum
1350 618 1515 656 infidelis
1558 625 1599 654 ut
1615 616 1851 683 {ssgffisagffihtm

1615 684 1743 722 superior
1755 689 1784 709 to
1799 683 1840 709 in-

1615 723 1713 743 Stltute
1726 726 1762 743 an
1775 726 1824 742 un-

1614 751 1725 784 worthy
1736 756 1841 784 pastor.

276 693 448 732 vecordis
464 692 614 742 ignavie
633 692 731 729 foret
750 692 864 729 talem
885 690 1123 740 prepositum
1142 701 1210 738 pre
1230 689 1366 729 timore
1383 688 1600 726 amissionis

276 765 546 814 temporalium
560 764 761 813 indignum
776 769 970 812 pastorem
986 761 1192 807 instituere,
1209 760 1269 798 vel
1285 760 1332 797 ad
1348 760 1601 798 residenciam

276 835 335 873 vel
355 836 427 873 alia
447 836 506 872 dei
527 835 651 872 officia
672 847 752 872 non
772 845 923 871 vocare.
979 832 1087 869 Talis
1111 832 1213 869 enim
1233 831 1329 869 foret
1348 832 1521 881 proditor
1542 831 1604 868 dei

276 914 314 944 et
353 906 555 944 hominum
593 906 733 942 timens
771 904 1020 942 amissionem
1057 902 1329 952 temporalium
1366 902 1453 952 plus
1486 914 1604 952 quam

57 975 192 1007 Deeret.
276 978 402 1015 deum.
471 977 522 1013 Et
563 976 651 1013 hinc
695 976 787 1013 dicit
824 975 1020 1012 decretum
1055 987 1077 1023 9
1110 974 1159 1012 di.
1203 973 1427 1022 Quicumque
1463 974 1602 1023 legibus

57 1018 169 1100 1311&
186 1029 214 1050 ε’
235 1026 262 1048 Ι’
275 1048 556 1098 Imperatorum,
578 1061 644 1096 que
658 1046 671 1067 3
691 1054 766 1096 pro
795 1047 855 1083 dei
878 1047 1028 1084 veritate
1039 1046 1241 1095 feruntur,
1262 1045 1503 1094 obtemperare
1530 1057 1601 1081 non

275 1121 352 1167 wll,
383 1120 552 1168 adquirit
581 1118 729 1167 grande
765 1118 997 1167 supplicium.
1077 1116 1304 1165 Quicumque
1341 1128 1425 1153 vero
1464 1115 1604 1165 legibus

274 1189 560 1239 Imperatorum,
581 1202 647 1237 que
675 1193 802 1225 contra
826 1189 886 1225 dei
909 1188 1127 1225 voluntalem
1140 1187 1343 1238 seruntur,
1363 1187 1605 1235 obtemperare

58 1273 108 1302 34
130 1281 163 1304 a,
280 1258 405 1314 [non4]
417 1262 494 1307 wlt,
505 1260 523 1280 '¹‘
537 1261 707 1309 adquirit
712 1260 859 1309 grande
863 1259 1061 1308 premium.
1091 1257 1196 1295 Nam
1209 1263 1246 1295 et
1259 1258 1499 1307 temporibus
1512 1269 1605 1306 pro·
1619 1271 1683 1331 Ba}
1693 1271 1833 1331 lffwstsslret
1850 1303 1857 1309 ·
1878 1304 1887 1330 l

1617 1314 1663 1331 ma
1685 1314 1700 1330 e
1724 1314 1755 1331 01⁸
1797 1314 1811 1331 e
1835 1313 1877 1330 fla

225 1342 264 1374 15
279 1333 482 1382 phetarum
495 1343 632 1370 omnes
646 1343 755 1381 reges
769 1331 833 1380 qui
846 1331 885 1367 in
900 1329 1047 1379 populo
1068 1329 1127 1366 dei
1142 1341 1221 1366 non
1236 1328 1515 1378 prohibuerunt
1528 1340 1601 1366 nec
1615 1339 1648 1405 {ff
1658 1338 1830 1405 {eogafflffl

275 1409 488 1441 everterunt
508 1415 583 1453 que
603 1408 736 1440 contra
750 1402 810 1439 dei
831 1407 1013 1451 precepta
1028 1400 1181 1437 fuerunt
1200 1400 1370 1437 instituta
1386 1400 1601 1449 culpantur,
1618 1405 1887 1465 ῗξέῗὲξέἔῖἒῖἶὲᾆὲξ

276 1479 314 1511 et
352 1474 418 1523 qui
454 1473 733 1523 prohibuerunt
769 1478 806 1510 et
843 1477 1060 1509 everterunt
1107 1483 1221 1520 super
1265 1470 1425 1508 aliorum
1469 1470 1602 1508 merita
1616 1473 1887 1533 ῗέῗξῗὲξῗέἒὲεὲξξί

276 1545 491 1592 laudantur,
522 1551 564 1582 ut
596 1557 663 1582 rex
694 1543 1072 1588 Nabuchodonosor,
1100 1555 1190 1580 cum
1222 1554 1350 1580 servus
1379 1548 1479 1581 esset
1508 1542 1604 1592 ydo-
1618 1540 1888 1573 ¹20t³0¹¹0f²hepes·

1617 1583 1708 1602 verse·

278 1616 412 1662 lorum,
429 1616 623 1654 constituit
640 1616 864 1664 sacrilegam
883 1615 1009 1663 legem
1024 1621 1066 1651 ut
1085 1614 1334 1651 simulacrum
1354 1613 1604 1660 adoraretur;

224 1704 266 1726 20
279 1687 346 1724 sed
384 1687 463 1724 eius
503 1687 621 1736 impie
666 1686 940 1724 constitucioni
988 1685 1053 1735 qui
1101 1685 1258 1723 obedire
1298 1685 1504 1722 noluerunt
1542 1685 1606 1734 pie

278 1758 518 1807 fideliterque
556 1758 738 1796 fecerunt.
812 1757 966 1794 Deinde
1005 1768 1095 1794 cum
1133 1768 1200 1794 rex
1239 1755 1369 1793 divino
1408 1761 1605 1793 correctus

279 1829 465 1867 miraculo
494 1829 599 1878 piam
628 1828 939 1877 laudabilemque
968 1828 1094 1876 legem
1124 1827 1321 1865 constituit
1349 1838 1419 1876 pro
1440 1827 1606 1872 veritate,

278 1907 319 1938 ut
353 1901 584 1950 quicumque
622 1900 761 1938 diceret
799 1899 1040 1937 blasfemiam
1074 1899 1113 1936 in
1145 1899 1259 1936 deum
1290 1898 1448 1936 Sidrach
1479 1898 1608 1935 Misak

277 1977 316 2010 et
336 1971 552 2020 Abednago
573 1984 660 2009 cum
681 1972 800 2009 domo
821 1984 889 2008 sua
908 1971 1061 2020 penitus
1075 1971 1253 2008 interiret.
1311 1970 1420 2007 Patet
1438 1970 1608 2019 hystoria

60 2048 148 2079 Dan.
159 2046 205 2078 iii.
217 2056 267 2089 29-
280 2043 367 2081 dan.
387 2043 455 2080 iii0.
511 2042 625 2080 Unde
645 2043 767 2092 inquit
785 2043 931 2091 quando
950 2043 1186 2091 imperatores
1195 2042 1456 2091 profalsz'tate
1479 2046 1605 2079 contra

278 2115 466 2151 veritatem
489 2114 755 2150 constituerunt
775 2114 895 2151 malas
915 2114 1008 2162 leges
1027 2113 1109 2150 bene
1121 2113 1134 2133 ⁵
1154 2113 1334 2150 credentes
1345 2112 1559 2161 probantur
1577 2117 1612 2149 et

269 2189 544 2234 perseverantes
581 2189 818 2231 coronantur,
849 2185 995 2233 quando
1029 2188 1147 2221 autem
1177 2191 1253 2233 pro
1290 2185 1442 2221 veritate
1479 2187 1608 2221 contra

261 2257 477 2306 salsitatem
501 2257 725 2293 constituunt
752 2256 864 2293 bonas
893 2256 986 2304 leges
1007 2259 1192 2293 terrentur
1223 2256 1392 2292 sevientes
1421 2259 1458 2292 et
1485 2256 1606 2291 corri-

272 2331 420 2376 guntur
439 2327 532 2363 male
552 2327 798 2375 intelligentes.
856 2326 957 2364 Cum
977 2326 1093 2375 igitur
1112 2326 1152 2363 in
1170 2326 1314 2374 Anglia
1333 2325 1582 2363 offenduntur
1595 2327 1607 2346 ⁶
1619 2337 1681 2363 The
1693 2337 1814 2370 English

1618 2371 1715 2404 clergy
1728 2372 1791 2398 who
1803 2381 1851 2398 are

277 2397 478 2446 presbiteri
510 2402 665 2445 propter
694 2396 1015 2435 rectificacionem
1053 2396 1239 2446 privilegii
1265 2395 1854 2465 Westmonasterispgipgeqatthfe

1678 2448 1686 2464 l
1708 2448 1741 2464 CB.
1756 2448 1802 2465 1011
1815 2449 1831 2465 0

61 2477 141 2507 1¹01.
156 2477 225 2506 148
234 2485 264 2506 a.
277 2468 416 2505 factam
436 2479 506 2516 per
526 2479 634 2517 reges
654 2466 927 2505 con*formiter
947 2467 1022 2516 legi
1044 2467 1116 2513 dei,
1140 2467 1232 2517 quid
1253 2467 1455 2512 credimus,
1476 2467 1507 2505 si
1538 2480 1604 2505 rex
1617 2471 1670 2531 {352
1672 2472 1820 2532 gffitrffilgffi
1825 2473 1859 2499 of

277 2539 355 2576 iam
402 2537 514 2576 faciat
561 2538 704 2576 dictam
751 2539 876 2588 legem
915 2539 1074 2576 ecclesie
1123 2540 1194 2576 sub
1240 2551 1341 2588 pena
1388 2538 1603 2577 amissionis
1616 2538 1886 2606 fflssffiaiffissvouffi

1785 2594 1791 2606 ,

278 2609 546 2658 temporalium
593 2609 778 2656 innovari,
818 2609 916 2647 sorte
963 2610 1098 2659 pocius
1144 2616 1359 2647 annuerent
1396 2610 1503 2659 quod
1534 2623 1599 2648 rex
1614 2607 1887 2667 ffghffi-{glilksehssuld

1593 2679 1727 2706 ·exempt
1741 2674 1811 2700 from

278 2686 458 2718 statueret
477 2686 518 2717 ut
537 2681 770 2730 quicumque
791 2681 910 2718 curati
929 2681 968 2717 in
988 2681 1110 2718 laicali
1139 2681 1238 2731 regis
1267 2681 1394 2719 officio
1427 2682 1475 2719 ab
1496 2694 1769 2734 omn1obedience

322 2774 333 2792 ¹
355 2780 440 2814 sunt,
456 2776 529 2808 add.
546 2780 622 2818 post
644 2775 798 2814 latrones,
816 2785 850 2807 A.
922 2774 934 2793 ²
957 2777 1007 2815 de,
1026 2787 1087 2808 om.
1107 2785 1143 2808 A.
1222 2776 1234 2794 ³
1259 2777 1326 2819 qui,
1343 2785 1379 2816 A,
1396 2785 1428 2808 Β.
1495 2776 1507 2794 4
1529 2788 1608 2817 non,

280 2838 339 2858 om.
358 2835 426 2859 Α.Β.
502 2829 513 2847 ⁵
537 2828 622 2860 unde
638 2832 702 2869 pro
724 2828 817 2866 bene,
835 2836 865 2860 B.
949 2827 961 2845 ⁶
984 2829 1163 2867 offendunt,
1181 2837 1210 2860 B.
1294 2828 1305 2846 ⁷
1330 2830 1556 2868 Westinensis',
1577 2837 1608 2860 Β.
