2051 3299
713 246 778 278 DE
811 246 1006 279 OFFICIO
1039 247 1194 280 REGIS.
1813 249 1892 292 205

68 358 178 390 Traet.
196 358 248 391 De
284 357 367 389 tum
399 350 449 388 ad
479 351 754 389 multacionem
786 352 1068 401 peceuniariam
1100 353 1244 390 dictum
1274 359 1330 390 est
1359 359 1521 391 tractatu
1549 353 1610 391 De
1625 363 1858 389 Offineslhave

69 402 220 434 Mandat.
284 422 474 459 mandatis
498 424 568 459 260
588 423 762 471 capitulo,
784 429 821 460 et
848 430 1034 472 quantum
1058 423 1107 460 ad
1134 424 1482 461 incarceracionem
1503 430 1609 474 patet
1622 402 1734 457 3¹32-ss
1746 397 1814 423 else*

283 493 390 542 quod
418 493 607 541 contingit
636 493 832 543 religiosos
862 494 984 531 eciam
1014 494 1311 543 exproprietarie
1340 493 1532 532 viventes¹
1562 495 1875 562 adlgxprigonrffentis

1623 545 1640 561 a
1662 545 1709 561 USQ
1744 546 1768 561 W
1790 546 1824 562 ΕΠ

67 568 147 598 1¹01.
161 570 226 599 161
239 577 270 600 a.
283 570 434 600 tantum
465 562 484 582 ’¹‘
515 575 598 600 esse
629 564 853 601 secularitati
883 565 1042 602 affectos
1072 564 1176 613 quod
1206 565 1442 603 incarcerent
1471 578 1611 603 conso—
1625 569 1892 635 iffg'lliga‘ethirlsesscfe

251 634 386 672 5cium
415 646 464 670 ex
494 633 567 671 hoc
597 634 702 683 quod
731 635 882 683 publice
907 636 1081 684 predicat
1100 635 1307 680 veritatem,
1329 649 1377 673 ex
1403 636 1478 674 hoc
1506 637 1612 687 quod
1625 637 1722 669 53051221
1735 637 1824 663 truth-

64 704 111 734 43
128 712 160 734 ἃ·
283 712 502 742 constanter
528 705 681 754 corripit
704 703 722 724 ‘¹‘
744 705 850 754 ipsos
870 705 929 742 vel
955 706 1051 743 alios
1076 718 1098 743 a
1122 706 1207 755 lege
1234 707 1468 755 ewangelica
1495 707 1611 745 decli-

280 782 428 821 nantes,
448 776 506 813 vel
535 788 582 813 ex
612 776 685 814 hoc
706 777 810 825 quod
831 777 1018 814 servando
1045 777 1215 826 regulam
1246 790 1354 815 suam
1383 778 1547 827 perfecte
1577 786 1614 816 et

281 847 406 884 stricte
432 846 480 883 ad
506 847 669 884 litteram
699 847 779 885 aliis
809 848 1065 886 confratribus
1095 848 1359 886 difformatur:
1390 850 1454 899 qui
1480 850 1510 887 si
1538 850 1612 887 sint

281 918 435 955 onerosi
469 930 516 955 ex
546 918 632 964 hoc,
667 925 705 956 et
742 918 963 956 iniuriantes
1001 931 1120 969 regno
1156 920 1262 968 quod
1301 920 1488 965 incolunt,
1523 922 1611 969 quis

231 995 270 1018 10
283 989 428 1026 dubitat
457 990 548 1039 quin
578 988 680 1027 sint2
708 990 941 1027 emendandi
969 1003 1038 1039 per
1068 1003 1200 1039 regem
1230 997 1417 1040 tanquam
1447 992 1612 1030 veritatis

278 1061 495 1109 proditores
514 1061 824 1110 periculosissimi
846 1068 882 1098 et
903 1062 955 1099 sic
976 1062 1112 1110 regni?
1172 1061 1258 1099 Rex
1279 1069 1410 1100 autem
1431 1063 1543 1101 debet
1564 1076 1611 1101 eo
1625 1071 1669 1097 To
1681 1072 1791 1104 neglect
1804 1078 1833 1099 to

1625 1106 1739 1138 remedy
1750 1106 1829 1132 these

280 1131 502 1180 diligencius
540 1132 590 1170 ad
628 1132 699 1169 ista
738 1133 933 1170 attendere
973 1145 1052 1182 quo
1092 1145 1139 1170 ex
1179 1133 1389 1171 omissione
1430 1135 1611 1172 emenda·
1624 1140 1878 1200 Ξῖῑξξὲεοίὲιέἒὲνεε

279 1202 400 1240 cionis
431 1215 623 1240 consensu
652 1203 850 1240 constituit
872 1216 912 1240 se
933 1216 955 1240 a
975 1204 1049 1240 deo
1070 1211 1107 1240 et
1127 1216 1249 1253 regno
1280 1205 1512 1254 culpabilem
1543 1218 1609 1243 ex-
1623 1211 1693 1231 sent·

60 1279 108 1308 Κ.
277 1268 434 1325 perticio
464 1275 597 1313 iniurie
624 1275 757 1313 aliene.
816 1274 900 1311 Nec
929 1275 1089 1312 dubium
1117 1275 1210 1324 quin
1236 1288 1482 1326 quecumque
1508 1289 1609 1326 pena
1625 1291 1680 1316 For
1692 1290 1740 1317 the
1754 1291 1832 1325 King
1846 1293 1868 1318 is

1622 1326 1775 1351 concerned
1790 1325 1817 1351 in
1831 1327 1867 1352 all

226 1347 485 1397 15infligenda
513 1347 743 1396 cuicumque
762 1346 863 1396 regis
889 1345 990 1394 legio
1016 1345 1066 1382 ad
1094 1346 1396 1384 stabilimentum
1424 1348 1533 1397 regni
1559 1348 1608 1385 ad
1620 1358 1878 1419 gaqishmentsbin.

1641 1401 1666 1417 ic
1681 1401 1728 1424 mg
1741 1402 1817 1418 some
1849 1403 1868 1426 y

277 1418 544 1456 auctoritatem
570 1418 687 1466 ipsius
714 1417 813 1467 regis
839 1417 1038 1466 pertineat,
1060 1424 1100 1454 ut
1127 1417 1221 1454 alias
1241 1430 1362 1467 penas
1384 1419 1520 1467 infligit
1540 1432 1608 1469 per
1620 1426 1668 1484 ἒξ
1681 1425 1873 1487 handtshofthg⁵

276 1490 421 1527 clerum
451 1501 562 1526 suum
592 1489 734 1537 legium
756 1488 820 1538 qui
848 1488 973 1526 forent
995 1488 1043 1525 ad
1064 1489 1356 1526 correccionem
1385 1489 1607 1528 huiusmodi
1620 1468 1831 1525 hisrigti's'tffcesfrs
1872 1470 1890 1493 y

277 1561 460 1610 apciores,
478 1566 515 1597 et
534 1560 626 1597 alias
641 1557 655 1579 3
674 1572 742 1609 per
763 1571 852 1596 suos
872 1559 1098 1596 iusticiarios
1118 1559 1175 1596 vel
1195 1560 1249 1597 eis
1270 1560 1442 1597 subditos
1463 1561 1512 1598 ad
1533 1561 1608 1600 hoc

277 1644 326 1669 ex
355 1632 462 1680 regni
492 1631 701 1680 prudencia
735 1630 936 1680 adaptatos
952 1643 962 1676 ;
1003 1630 1109 1680 quod
1138 1631 1168 1667 si
1198 1631 1397 1680 negligant
1426 1644 1516 1669 cum
1547 1645 1607 1669 res

225 1715 264 1735 20
278 1703 377 1752 regis
396 1702 530 1751 agitur,
548 1702 606 1739 cui
627 1702 886 1751 principaliter
907 1702 1013 1750 regni
1034 1702 1296 1750 gubernacula
1319 1709 1406 1739 sunt
1427 1704 1606 1750 comissa,

275 1780 380 1823 patet
408 1773 514 1823 quod
543 1773 658 1810 debet
688 1773 725 1809 in
756 1772 906 1810 defectu
930 1772 1020 1809 cleri
1046 1773 1174 1822 ipsum
1201 1773 1392 1823 corrigere
1423 1780 1459 1811 et
1492 1787 1605 1811 suum

276 1844 468 1882 defectum
516 1856 583 1893 per
630 1844 725 1881 alios
772 1843 1012 1892 exsupplere.
1082 1843 1427 1881 Remurmurantes
1475 1852 1603 1883 autem
1617 1855 1679 1881 The
1694 1855 1794 1889 King’s
1805 1856 1877 1890 duty

1616 1890 1647 1915 of
1657 1890 1813 1923 correcting
1828 1891 1872 1917 his

275 1922 409 1953 contra
439 1916 551 1952 istam
586 1915 833 1960 sentenciam,
868 1920 906 1952 et
939 1914 1107 1952 novellas
1140 1915 1368 1953 tradici0nes
1401 1928 1488 1954 suas
1519 1924 1605 1954 tan-
1619 1923 1874 1984 {effiffiffgdcffilrgy

275 1999 392 2036 quam
413 1986 665 2035 ewangelium
686 1986 906 2034 allegantes,
928 1992 1079 2034 oportet
1108 1986 1315 2023 certificare
1328 1984 1342 2005 4
1362 1987 1548 2025 catholice
1570 1994 1607 2025 et
1619 1990 1877 2052 csgsslpgilssss'daesslled

222 2069 260 2100 25
275 2063 496 2096 constanter
525 2057 629 2106 quod
659 2068 795 2093 omnes
829 2069 911 2093 non
939 2056 1065 2094 valent
1094 2057 1167 2094 nisi
1197 2057 1244 2094 de
1273 2064 1418 2106 quanto
1448 2058 1606 2097 fundate
1880 2046 1886 2052 ⁶

273 2129 411 2166 fuerint
437 2141 485 2166 ex
515 2128 711 2177 scriptura,
739 2128 777 2164 in
808 2140 884 2177 qua
913 2140 1001 2165 cum
1031 2140 1110 2165 non
1141 2125 1212 2165 sit⁵
1242 2129 1514 2178 repugnancia‚
1537 2130 1605 2167 sed

273 2200 467 2237 eorreccio
488 2199 577 2236 cleri
597 2211 665 2248 per
685 2211 806 2247 reges,
829 2199 956 2235 omnis
983 2210 1050 2236 sua
1080 2199 1239 2236 tradicio
1260 2199 1318 2236 isti
1339 2200 1528 2237 contraria
1548 2208 1605 2238 est

272 2276 314 2307 ut
333 2270 629 2319 contemptibilis
645 2269 873 2318 repellenda.
918 2268 1114 2307 Scrutetur
1128 2269 1242 2318 igitur
1257 2270 1460 2318 scripturas
1473 2271 1486 2290 ⁶
1507 2283 1604 2320 quo-

273 2341 391 2379 modo
412 2341 472 2378 lex
500 2340 613 2378 Cristi
633 2347 671 2378 et
691 2340 913 2389 apostolica,
935 2340 1027 2377 nulli
1047 2340 1208 2378 seculari
1228 2340 1400 2378 dominio
1421 2342 1603 2388 obnoxia,

219 2430 260 2461 30
273 2413 433 2462 precipit
449 2411 554 2462 quod
574 2412 705 2449 omnia
725 2411 765 2447 in
785 2411 1076 2449 edificacionem
1096 2411 1201 2450 fiant.
1242 2411 1412 2449 Videant
1433 2413 1603 2450 secundo

273 2484 474 2534 quomodo
495 2495 575 2520 non
595 2489 652 2520 est
671 2482 960 2529 edificatorium‚
982 2482 1074 2531 quin
1100 2483 1234 2531 pocius
1261 2483 1300 2519 in
1328 2482 1576 2521 dominorum
1590 2484 1604 2504 ⁷

273 2555 502 2593 secularium
519 2554 743 2603 dampnum,
757 2553 861 2602 leges
880 2553 975 2590 tales
992 2552 1147 2589 dimissa
1163 2552 1247 2602 lege
1265 2551 1379 2590 Cristi
1395 2553 1600 2600 inducere;

272 2624 336 2664 et⁸
356 2626 557 2663 deficiente
577 2624 731 2662 racione
758 2630 910 2672 oportet
939 2623 1129 2661 seculares
1149 2624 1187 2660 in
1207 2623 1303 2661 facie
1324 2623 1394 2661 illis
1415 2624 1600 2662 resistere.

314 2735 326 2753 ¹
348 2736 521 2774 viventem,
540 2743 573 2765 A.
677 2732 689 2750 ²
711 2733 786 2772 sint,
804 2743 865 2764 om.
883 2741 916 2764 A.
1029 2732 1041 2750 ³
1064 2732 1158 2770 alios,
1177 2741 1211 2763 A.
1322 2732 1334 2750 4
1357 2732 1548 2770 rectificare,
1565 2741 1600 2764 A.

270 2789 282 2806 ⁵
306 2787 352 2826 fit,
370 2794 403 2818 A.
536 2785 547 2802 ὓ
571 2796 628 2827 per
650 2790 726 2816 ante
749 2785 935 2826 scripturas,
954 2785 1027 2816 add.
1045 2794 1089 2822 A;
1121 2785 1158 2816 in
1183 2795 1287 2824 marg.
1310 2785 1410 2815 Esdre
1433 2785 1487 2823 vii,
1511 2792 1544 2822 A,
1566 2793 1597 2816 Β.

271 2838 282 2855 ⁷
305 2838 537 2876 dominiorum,
554 2846 587 2868 A.
677 2838 687 2855 s
710 2841 750 2875 et,
768 2847 828 2867 om.
848 2845 880 2866 A.
