2051 3299
708 198 773 229 DE
805 197 1000 229 OFFICIO
1034 195 1191 227 REGIS.
1808 196 1889 238 139

284 305 414 342 haberi
448 304 507 342 vel
540 315 657 341 unam
692 302 932 341 subordinari
970 301 1087 338 alteri.
1147 300 1185 337 Si
1218 300 1323 338 enim
1355 305 1490 337 neutra
1524 299 1614 337 sub·
1625 307 1880 368 ἰεςιιὲἱζέῗῑέὴῖῗῗῖῑξὸ

282 376 520 413 ordinaretur
559 375 665 412 alteri
703 374 918 412 secundum
960 373 1066 421 leges
1113 371 1304 409 humanas
1343 377 1515 420 vergeret
1563 371 1611 407 ad
1625 381 1680 435 2¹12}
1684 376 1833 436 ttihcideccle-

282 447 549 484 confusionem
581 446 753 484 ecclesie.
810 445 862 482 Et
900 443 1004 494 quod
1037 443 1294 480 ecclesiastica
1328 448 1495 491 potestas
1530 453 1612 478 non

282 517 328 554 sit
366 517 579 555 secundum
627 517 893 555 obedienciam
931 514 1171 552 mundanam
1211 513 1383 562 superior
1420 519 1524 562 patet
1562 525 1610 549 ex

250 589 421 628 5multis.
480 589 608 626 Primo
643 589 733 638 quia
764 589 869 625 bona
902 586 1060 624 ecclesie
1101 590 1190 621 sunt
1222 584 1432 621 elemosine
1472 583 1612 621 collata
1625 593 1892 653 {fotrhgktiffirffiods

281 661 351 698 sibi
380 673 402 697 a
431 661 588 698 terrenis
613 659 859 709 principibus,
892 664 934 694 ut
965 662 1071 706 patet
1098 668 1167 705 per
1186 655 1460 705 Augustinum,
1489 654 1610 691 Bern-
1624 671 1674 720 323².
1685 661 1879 726 Ξὲηὲξιεὲεἶξη

1789 704 1801 720 S

281 731 445 769 bardum
479 738 516 769 et
553 731 705 769 decreta
743 730 918 779 plurima.
992 727 1173 765 Secundo
1212 727 1303 776 quia
1342 726 1448 763 aliter
1484 726 1736 806 Ιίοθῖθῖῖῗζῑέξν
1749 728 1867 778 princes·

1637 783 1655 799 11
1728 783 1773 799 ere
1787 783 1809 799 15
1822 783 1859 799 ΠΟ

282 803 474 852 appellare
504 803 544 839 in
577 802 852 852 temporalibus
882 799 931 837 ad
963 811 1118 848 papam,
1148 798 1254 848 quod
1284 797 1462 847 prohibet
1482 797 1610 835 Allex-
1624 808 1830 840 appealtothe

64 875 231 950 {ecrefflffilg
282 874 400 911 ander
427 874 567 920 dicens,
596 880 639 911 ut
669 874 856 920 recitatur,
882 874 1052 911 secundo
1083 870 1331 909 decretalium
1360 869 1421 906 De
1450 871 1610 918 appella·
1623 841 1891 901 fnozfiie¹r}.temp⁰r³¹

97 927 159 950 .11.
205 929 240 951 1.

62 963 171 994 xxviii·
190 974 217 994 c.
238 945 442 1004 7¹cionibus
472 944 638 994 capitulo
668 945 719 982 Si
745 944 893 990 duobus,
915 944 1021 994 quod
1047 943 1110 980 illa
1137 955 1218 980 non
1238 941 1470 989 contingunt
1500 952 1610 977 suam

280 1016 600 1054 iurisdiccionem.
675 1015 791 1052 Unde
838 1027 939 1065 papa
987 1014 1129 1052 Paulus
1178 1012 1385 1062 appellavit
1424 1012 1608 1049 Cesarem

280 1086 366 1124 Act.
388 1097 449 1135 25.
505 1086 556 1124 Et
584 1086 720 1124 eadem
744 1086 938 1124 sentencia
966 1092 1070 1135 patet
1101 1090 1239 1134 quarto
1268 1083 1515 1121 decretalium
1544 1083 1614 1131 qui

63 1160 217 1193 Ibid.1v.
269 1158 358 1207 filz'z‘
385 1163 474 1195 sunt
502 1158 662 1207 legitimi
694 1157 860 1207 capitulo
896 1156 1071 1194 Causam.
1132 1156 1182 1192 Et
1202 1155 1320 1192 tercio
1342 1154 1432 1204 quia
1451 1153 1609 1191 ecclesie
1624 1163 1677 1195 (iii)
1696 1163 1842 1189 Charches

62 1204 138 1289 εΤῙὲ
147 1214 225 1236 xv11.
279 1229 432 1273 solvunt
451 1230 590 1267 tributa
609 1229 855 1278 imperatori:
887 1228 988 1265 unde
1010 1228 1048 1264 xi
1069 1240 1105 1277 q.
1128 1227 1146 1264 I
1168 1227 1260 1264 dicit
1280 1226 1480 1263 decretum
1509 1225 1611 1262 beati
1624 1206 1680 1257 ffiey
1687 1198 1841 1264 Ifirffisslgreoff

278 1372 373 1420 agri
395 1372 534 1408 ecclesie
559 1372 707 1408 solvant
728 1371 916 1408 tributum.
974 1370 1025 1408 Si
1044 1383 1159 1418 agros
1185 1369 1369 1406 desiderat
1384 1367 1608 1416 Imperator,

269 1447 480 1491 potestatem
509 1443 617 1480 babet
647 1443 874 1480 vendicandi.
938 1440 977 1478 T
971 1443 1060 1479 ollat
1086 1455 1152 1488 eos,
1180 1442 1220 1477 si
1240 1440 1382 1477 libitum
1414 1444 1467 1475 est
1476 1437 1500 1476 ².
1557 1438 1609 1475 Et

278 1514 448 1562 sequitur
468 1513 664 1551 evidencia
692 1513 805 1550 huius
830 1513 942 1550 dicti:
971 1512 1164 1561 llffagnum
1196 1513 1325 1560 quippe
1353 1515 1407 1547 est
1433 1515 1468 1547 et
1493 1511 1608 1558 spiri-

277 1586 373 1622 tuale
392 1585 637 1621 documentum
657 1585 756 1633 quod
774 1584 966 1622 Cristiani
981 1586 1064 1621 veri
1077 1583 1355 1620 sublimioribus
1369 1581 1609 1631 potestatibus

224 1664 265 1686 20
276 1657 446 1693 docentur
465 1655 584 1693 debere
603 1669 673 1692 esse
691 1655 849 1702 subiecti,
870 1669 912 1692 ne
930 1657 1013 1703 quis
1033 1656 1324 1692 constitucionem
1347 1654 1489 1690 terreni
1503 1654 1604 1700 regis

269 1731 370 1776 putet
386 1740 456 1763 esse
475 1727 693 1763 solvendum.
738 1726 790 1764 Si
803 1728 897 1763 enim
906 1727 1019 1777 filius
1039 1727 1101 1762 dei
1126 1738 1270 1762 censum
1284 1725 1296 1744 ³
1317 1726 1435 1771 solvit,
1453 1725 1537 1772 quis
1565 1728 1606 1759 tu

274 1803 398 1835 tantus
420 1811 455 1834 es
473 1798 542 1846 qui
560 1811 630 1834 non
651 1802 764 1846 putas
783 1811 854 1834 esse
877 1798 1085 1835 solvendum
1098 1800 1120 1834 ,Ρ
1175 1796 1267 1833 Item
1288 1796 1470 1845 apostolus
1484 1795 1498 1815 ⁴
1521 1796 1613 1831 dicit

273 1869 437 1906 Roman.
450 1868 463 1888 ⁵
483 1869 546 1905 xiii
573 1871 581 1886 ‘
600 1868 730 1905 Omnis
755 1869 882 1905 anima
905 1868 1144 1916 potestatibus
1166 1867 1442 1904 sublimioribus
1461 1866 1608 1903 subdita

274 1937 343 1976 sits
387 1939 489 1976 Idem
505 1940 644 1977 Petrus
659 1940 840 1988 apostolus
850 1941 1075 1988 generaliter
1090 1939 1256 1975 omnibus
1261 1938 1437 1988 fidelibus
1452 1937 1607 1974 scribit:

223 2016 261 2048 ²5
278 2013 286 2029 ‘
298 2011 424 2048 Estote
439 2012 452 2032 ⁶
466 2012 616 2048 subiecti
631 2012 787 2048 dominis
802 2012 933 2048 vestris
947 2012 1022 2047 sive
1036 2012 1122 2059 regi
1136 2011 1250 2059 quasi
1256 2010 1478 2058 precellenti,
1498 2007 1515 2027 *
1530 2010 1607 2045 sive

57 2087 105 2116 30
122 2086 157 2116 d·
274 2083 426 2120 ducibus
444 2088 620 2132 tanquam
632 2083 646 2103 ⁷
666 2083 711 2119 ab
731 2096 767 2119 eo
787 2083 921 2119 missis.
950 2081 1111 2131 Propter
1129 2081 1217 2119 talia
1238 2081 1373 2118 dicitur
1389 2081 1606 2118 comuniter
1620 2087 1663 2114 To
1676 2097 1728 2120 say
1741 2088 1802 2114 that
1816 2089 1864 2115 the

1620 2121 1699 2155 King
1711 2123 1803 2148 excels
1817 2122 1844 2148 in

275 2154 380 2203 quod
407 2166 472 2192 rex
506 2153 674 2203 precellit
703 2154 742 2190 in
773 2153 1049 2202 temporalibus
1083 2160 1120 2190 et
1149 2153 1354 2202 episcopus
1382 2152 1422 2189 in
1454 2152 1603 2201 spiritu-
1617 2155 1870 2222 {ilssnigsssistffcssffissal'

276 2225 409 2263 alibus.
468 2225 543 2262 Sed
562 2238 629 2274 per
652 2224 727 2262 hoc
748 2237 827 2262 non
848 2224 1008 2262 docetur
1039 2224 1260 2274 simpliciter
1288 2236 1364 2273 que
1395 2223 1602 2261 auctoritas
1616 2223 1864 2290 tglgjgso'snzpffifgfss

275 2297 322 2334 sit
351 2296 498 2346 reliqua
526 2296 659 2333 maior.
716 2295 820 2332 Nam
849 2296 880 2333 si
908 2308 974 2333 rex
995 2302 1052 2333 est
1081 2295 1216 2341 maior,
1243 2302 1334 2333 tunc
1360 2307 1604 2344 consequens
1615 2291 1859 2357 }ss„{}¹}{·{}¹tffffoe¹⁵

220 2381 261 2412 30
275 2368 388 2405 debet
422 2367 584 2405 concedi
618 2367 847 2416 simpliciter,
874 2372 911 2404 et
943 2379 1011 2416 per
1044 2366 1147 2404 idem
1177 2366 1471 2404 concedendum
1505 2365 1603 2403 foret

275 2438 381 2488 quod
401 2439 605 2487 episcopus
625 2444 682 2476 est
701 2438 835 2476 maior.
885 2438 1075 2485 Similiter,
1094 2449 1184 2475 curn
1200 2445 1359 2487 uterque
1376 2437 1422 2474 sit
1437 2449 1604 2486 magnus

57 2518 100 2547 R.
274 2510 313 2546 in
326 2510 609 2559 temporalibus,
623 2509 769 2546 videtur
782 2509 888 2557 quod
900 2509 1024 2546 maior
1037 2510 1076 2545 in
1092 2509 1366 2558 temporalibus
1384 2508 1431 2545 sit
1446 2509 1602 2546 maioris
1617 2508 1767 2568 Hssrwrrffiet
1780 2519 1822 2535 we

274 2581 517 2626 auctoritatis,
539 2587 576 2617 et
599 2581 652 2617 sic
674 2580 869 2630 spirituale
895 2579 1109 2618 dominium
1139 2585 1176 2617 et
1200 2579 1402 2629 spiritualis
1432 2586 1603 2629 potestas
1617 2577 1867 2643 ggssffissfetrffffgsty

318 2685 329 2703 ¹
352 2691 451 2727 petet,
468 2694 500 2718 A.
579 2686 591 2704 ²
613 2691 672 2725 est,
689 2697 750 2718 om.
767 2694 801 2717 A.
878 2686 889 2703 ³
914 2697 996 2718 cens.
1016 2685 1058 2718 fil.
1076 2686 1137 2723 dei,
1156 2686 1225 2717 ord.
1244 2687 1325 2724 inv„
1345 2694 1375 2718 B.
1454 2685 1465 2703 ⁴
1488 2686 1604 2717 Petrus

273 2742 349 2769 ante
380 2739 557 2779 apostolus,
588 2738 661 2769 add.
689 2746 719 2768 Β.
821 2738 832 2756 ⁵
856 2738 935 2769 dicit
966 2738 1105 2769 Roman.
1134 2738 1202 2777 xiii,
1231 2749 1291 2769 om.
1319 2746 1349 2769 Β.
1440 2736 1450 2753 ⁶
1474 2737 1604 2769 Subditi

274 2794 388 2828 estote,
408 2798 437 2820 B.
527 2789 538 2806 ⁷
562 2797 730 2831 tamquam
747 2795 810 2831 pro
827 2790 931 2831 quasi,
949 2797 978 2821 Β.
